3426 5334
534 1639 1097 1756 COMMENTARII

791 1899 833 1958 IN

280 2101 473 2174 nondun
493 2103 581 2174 utu.
603 2105 630 2174 Ι.
668 2099 935 2174 namneum
954 2093 1354 2172 tmunwcusntnnr.

711 2386 921 2398 ——--—-

242 2572 400 2666 Horatius
427 2625 512 2684 quum
536 2613 602 2686 poet
622 2608 715 2668 editoe
742 2612 773 2667 et
799 2607 913 2686 epodon
938 2613 969 2666 et
990 2607 1142 2667 carminum
1164 2602 1254 2664 libros
1280 2602 1389 2681 priores

241 2708 367 2786 iniquum
383 2709 560 2785 quorundam
581 2709 724 2769 hominum
743 2709 879 2787 imprimis
893 2709 1145 2771 Grammaticorum
1162 2708 1199 2766 de
1217 2707 1261 2765 hie
1278 2701 1390 2781 scriptis

241 2811 374 2889 judicium
396 2816 528 2888 expertne
549 2817 642 2882 creet,
671 2813 699 2869 iu
719 2811 773 2870 hac
793 2810 923 2890 Epistola
942 2813 972 2870 id
992 2813 1068 2888 egit,
1094 2815 1125 2868 ut
1146 2815 1175 2867 et
1202 2807 1316 2866 laudem
1336 2802 1390 2862 cibi

244 2918 378 2990 tauquam
398 2917 515 2991 poetae,
537 2913 586 2988 qai
608 2914 743 2991 princepe
765 2911 855 2971 libera
868 2913 987 2990 vestigia
1003 2911 1032 2969 in
1053 2911 1150 2970 locoa
1169 2909 1303 2968 Romania
1320 2925 1391 2984 poe·

243 3014 281 3074 tia
303 3013 410 3072 intacto
430 3013 589 3092 poeuiaset,
608 3032 710 3093 reapse
724 3013 849 3072 debitam
864 3013 1020 3072 vindicaret
1036 3029 1206 3088 causamque
1219 3009 1300 3088 pravi
1318 3007 1392 3065 illiue

242 3113 339 3192 judicii
360 3115 504 3175 edoceret.
547 3113 643 3174 Cauca
664 3123 757 3176 autern
786 3115 866 3174 facile
886 3115 990 3193 duplex
1018 3113 1210 3192 cognoscitur.
1254 3109 1336 3168 Prior
1356 3107 1392 3166 ab

243 3216 414 3293 imitatione,
446 3215 529 3293 colna
555 3236 613 3276 nou
641 3216 753 3278 laudem
777 3217 888 3295 judices
916 3215 972 3292 itti,
1007 3215 1060 3274 aed
1089 3213 1200 3292 culpam
1224 3211 1254 3271 in
1273 3210 1393 3270 Poetam

244 3317 462 3391 uunamtcrnnt,
483 3317 648 3381 desumitur.
685 3319 755 3378 tude
775 3319 909 3378 Horatiae
929 3337 961 3377 re
980 3317 1065 3377 attius
1082 3315 1203 3395 repetitu
1221 3319 1250 3373 et
1264 3312 1394 3371 oratione

245 3418 434 3498 exemplorum
454 3418 567 3478 facetiis
587 3421 700 3480 condita
714 3421 862 3501 explanat,
883 3427 1057 3500 quantopere
1076 3417 1233 3477 imitatores
1251 3414 1394 3492 exemplar

245 3519 390 3596 quoddam
410 3521 499 3580 secuti
522 3519 559 3579 ab
578 3522 749 3582 imitatorum
770 3543 854 3583 cerro
874 3542 980 3603 pecore
999 3521 1186 3594 abhorreant,
1207 3520 1247 3578 ita
1266 3523 1300 3577 ut
1320 3515 1394 3576 haud

246 3619 360 3680 difficile
377 3621 430 3696 cit,
451 3624 480 3682 in
495 3623 631 3683 imitando
651 3644 764 3703 quoqne
784 3645 879 3684 rerum
900 3631 1031 3704 poetam,
1053 3623 1101 3702 qui
1114 3621 1167 3681 eibi
1185 3621 1270 3694 fidet,
1290 3637 1394 3698 apoc-

246 3729 356 3799 uano,
376 3724 425 3802 qui
447 3723 507 3786 sere
527 3725 644 3786 ationuu
662 3745 721 3785 uon
741 3727 875 3805 virtutes,
897 3729 950 3788 aed
963 3727 1031 3786 vitia
1042 3732 1194 3804 aequatur,
1217 3725 1390 3782 discernere.

245 3823 440 3885 Poeteriorem
461 3845 575 3888 caueam
596 3829 624 3887 in
652 3849 687 3889 eo
716 3829 792 3889 cerni
821 3830 890 3890 dicit
916 3828 1023 3905 Poeta,
1050 3829 1127 3906 quod
1152 3825 1245 3906 plebia
1267 3824 1395 3882 literatae

249 3924 383 4004 morigia
399 3946 491 4005 neque
509 3929 644 4008 impensu
660 3949 808 3990 coenarum
825 3949 918 4010 neque
938 3931 1085 3992 recitando
1097 3929 1245 3988 ambitiose
1261 3931 1395 4004 captare-

252 4028 300 4090 rit.
337 4027 385 4087 Sic
406 4035 435 4088 et
454 4029 525 4091 haec
541 4031 671 4113 Epistola
690 4051 725 4090 ex
745 4033 866 4092 dirersis
884 4034 1011 4111 partibus
1029 4033 1153 4092 conflata
1172 4028 1293 4107 simplex
1311 4024 1395 4104 qnid-

251 4130 317 4188 dnm
337 4135 367 4189 et
386 4149 470 4190 unum
492 4139 546 4193 eat
582 4135 648 4215 tpsa
670 4135 759 4213 ipsine
780 4133 887 4194 Poetae
907 4153 954 4194 ree
972 4141 1002 4194 et
1022 4151 1124 4209 cama,
1151 4131 1195 4191 cni
1211 4128 1293 4207 quasi
1308 4126 1397 4204 judex

250 4232 334 4292 aedat
350 4230 529 4292 doctiaeimua
550 4233 716 4312 maenaa,
740 4237 863 4296 medinm
884 4238 977 4296 locum
997 4241 1092 4312 tenet,
1120 4234 1164 4292 cni
1186 4231 1326 4308 utrimque
1344 4245 1397 4306 ap-

249 4337 394 4412 ponuntur
414 4339 444 4390 et
469 4339 633 4394 attexuntur
660 4339 733 4398 duae
759 4345 858 4417 parter
886 4345 1020 4416 tanquam
1045 4337 1143 4398 latera.
1188 4333 1281 4394 Tecte
1303 4336 1398 4390 autern

251 4435 320 4494 illud
340 4433 410 4514 (od.
433 4434 465 4510 1,
485 4439 514 4511 1,
534 4437 575 4500 85
598 4437 661 4518 eq.)
681 4440 869 4517 significatur:
896 4439 1012 4517 Quodsi
1022 4458 1068 4496 me
1089 4437 1191 4516 lyricis
1210 4431 1330 4496 vatibus
1349 4434 1399 4491 in·

251 4541 340 4610 aerio,
371 4533 506 4598 Sublimi
517 4535 628 4616 femiam
647 4541 746 4600 adim
766 4543 882 4600 vertice.
