3380 5324
243 533 304 600 189
349 531 564 596 ΟΟΙΜΕΝΤ.
579 531 623 593 iN
637 525 821 598 nonin.
835 529 857 595 1.
872 525 997 590 nent.
1011 523 1271 594 SEXT.DEOEM.
1319 521 1415 596 990.

243 721 452 784 continuariW
493 721 670 779 Burmanni
689 736 803 797 qnoque
820 715 958 776 formulae
977 713 1025 773 eol
1038 716 1167 794 aepe'ee't,
1188 717 1206 775 i.
1226 733 1253 774 e.
1276 711 1384 792 „iuge

244 833 274 887 et
295 845 330 886 er
351 825 410 886 etto
429 823 533 884 videt“
554 819 762 902 explicationi
783 819 946 880 Nneeien.
968 817 1028 878 Eoi.
1050 821 1087 892 1,
1107 814 1160 882 34.
1185 817 1222 876 de
1245 815 1301 876 hoo
1321 817 1385 894 qui-

243 927 309 987 dem
330 927 395 986 loco
417 925 565 986 claudunt.
609 923 662 981 Eat
680 922 727 981 hio
747 923 857 1002 potine:
886 919 965 998 „sot
991 937 1048 979 non
1075 919 1202 981 inhaeret
1222 917 1323 980 duno
1342 919 1385 978 h·

243 1029 315 1103 teri,
336 1029 389 1088 eed
410 1029 436 1088 ei
456 1043 522 1086 mox
541 1045 573 1086 ae
596 1023 763 1084 subducit.“
805 1022 960 1101 Eleganter
979 1021 1008 1080 b.
1031 1019 1051 1080 1.
1074 1022 1127 1081 eoii
1147 1022 1224 1100 quod
1244 1039 1387 1100 pereonoe

243 1133 289 1188 eet
308 1127 441 1188 tribuitur
462 1128 642 1208 (quanquam
662 1129 700 1186 de
717 1123 773 1183 deo
795 1124 865 1184 Sole
885 1123 1069 1201 cogitandum
1092 1141 1151 1213 non
1174 1119 1327 1207 videtin),
1354 1131 1386 1186 nt

242 1232 378 1307 veniens,
401 1229 479 1308 eujus
500 1232 614 1308 generis
635 1227 763 1306 exempla
783 1225 969 1310 suppeditant
987 1223 1088 1284 Markl.
1108 1225 1147 1283 ed
1165 1225 1240 1285 Stat.
1264 1227 1333 1284 Sile.
1356 1231 1387 1303 1,

242 1331 341 1409 o,10.
362 1337 392 1392 et
406 1333 523 1392 Schmid
537 1333 575 1390 ad
590 1331 618 1390 b.
633 1331 664 1408 1.,
684 1337 717 1390 ut
738 1347 830 1386 ereren
848 1327 996 1404 fugiente,
1016 1326 1053 1384 de
1074 1343 1131 1403 que
1150 1345 1183 1385 re
1198 1328 1253 1386 vid.
1269 1327 1386 1390 niuei.

243 1435 280 1492 ad
301 1433 358 1493 od.
379 1434 411 1510 3,
433 1436 465 1511 6,
487 1429 590 1510 41eq.
611 1437 641 1490 et
660 1431 699 1489 ad
720 1429 755 1488 C.
777 1429 811 1494 S.
834 1429 864 1490 9.
885 1428 967 1487 Cori.
987 1428 1025 1487 ed
1045 1425 1154 1488 Lucem
1174 1433 1212 1506 7,
1231 1429 1263 1492 8.
1288 1427 1386 1492 Bnrm.

243 1535 280 1594 ed
302 1536 389 1595 Anth.
410 1536 459 1600 lat.
479 1535 517 1594 ΙΙ.
539 1553 569 1613 p.
592 1533 664 1596 805.
705 1531 859 1610 Vaporore
877 1535 972 1589 autem
993 1529 1019 1588 i.
1041 1529 1060 1592 Ι.
1082 1530 1157 1588 idem
1178 1532 1256 1608 quod
1275 1533 1387 1594 modico

243 1643 274 1698 et
286 1644 444 1717 temperato
460 1634 556 1696 calore
570 1635 680 1710 afflare,
702 1633 873 1704 calefacere3
893 1637 994 1692 eontra
1015 1632 1072 1710 aiii,
1092 1638 1125 1692 nt
1150 1631 1286 1706 Voeeine,
1304 1636 1387 1694 Poe-

242 1741 363 1810 eoen'ue,
385 1737 518 1813 Merkel,
543 1738 749 1817 Deeringe'ne,
775 1735 925 1795 Orellirm
951 1751 1057 1813 vapore
1077 1733 1220 1794 obdooere
1241 1741 1272 1796 et
1290 1735 1388 1796 obum-

242 1839 345 1916 brere,
367 1841 596 1917 ,‚umduneten.“
618 1836 725 1901 Paliad.
747 1839 784 1898 R.
804 1837 841 1898 R.
867 1840 903 1914 1,
932 1837 982 1902 20.
1025 1835 1075 1894 Itu
1097 1847 1196 1914 purus
1222 1836 1307 1899 unior·
1329 1837 1389 1898 olei

244 1941 353 2001 cellam
371 1945 434 2001 eine
445 1941 529 2021 sunee'
548 1937 651 1998 nidore
668 1939 835 2019 vaporante.
858 1939 992 2018 Fulgent.
1007 1935 1319 2021 nyu01.praet1.p.
1337 1941 1387 2006 18.

248 2041 384 2122 Calliope
407 2041 575 2102 ludibunde
600 2042 757 2120 palmulae
783 2052 867 2100 metu
893 2057 992 2099 merem
1013 2059 1165 2118 vapor-ane
1179 2043 1388 2120 poemenium

239 2145 374 2224 poeticae
391 2145 561 2228 pnerigineb
582 2141 771 2205 dulcedinem
790 2149 910 2224 eporeit.
931 2141 1047 2204 Lucret.
1066 2143 1256 2222 2,148eqq.
1274 2143 1387 2205 coinon.

243 2247 281 2307 R.
299 2247 335 2308 n.
358 2251 395 2326 2,
419 2249 476 2325 15,
498 2249 528 2310 6.
561 2247 607 2312 Cf.
628 2245 765 2310 Dinteer.
785 2268 815 2328 p·
837 2245 910 2312 439.
951 2245 999 2307 De
1026 2248 1082 2306 eitn
1106 2247 1171 2324 ipeo
1190 2245 1276 2306 villae
1294 2247 1389 2308 Hore-

243 2351 339 2410 tienae
364 2350 439 2412 conf.
468 2355 584 2428 praeter
611 2369 680 2427 eos,
710 2366 783 2428 quoe
809 2367 897 2429 sopra
923 2349 1050 2425 laudavi,
1084 2346 1231 2407 Orellirm
1251 2349 1290 2408 ed
1315 2349 1386 2410 ini
1503 2351 1510 2371 '

246 2449 458 2517 Weleemaer.
479 2451 501 2516 1.
522 2471 554 2531 p.
574 2451 743 2516 409-14.
765 2458 796 2513 et
814 2453 932 2512 Excure.
949 2452 985 2514 B.
1046 2485 1049 2492 ·

326 2552 361 2615 V.
385 2555 454 2616 8-
472 2558 521 2618 11.
559 2555 739 2634 Temperiem
765 2553 872 2614 leudes
897 2585 934 2599 -··
954 2555 1098 2634 frondere
1127 2555 1299 2614 strennuo
1341 2549 1389 2616 De

243 2651 292 2714 ilie
312 2657 451 2736 temperie
469 2657 584 2716 laudate
604 2658 640 2716 et.
662 2666 759 2719 annot.
781 2659 817 2716 od
837 2659 887 2728 10,
904 2657 1040 2723 15-17.
1072 2656 1166 2716 Verbo
1178 2661 1273 2716 entem
1292 2653 1389 2732 Quid,

244 2756 273 2814 ei
288 2755 459 2816 rubicundo
476 2767 530 2822 etc.
556 2779 614 2817 non
635 2765 695 2818 nm
714 2760 832 2818 ironiam
853 2761 984 2840 rapiunt,
1012 2776 1096 2837 qnam
1119 2761 1241 2818 animum
1267 2758 1389 2817 mininie

243 2857 347 2916 taetenn
368 2857 510 2938 indicent,
532 2861 577 2919 eui
597 2861 866 2931 treetue'viriditae‚
888 2862 1001 2940 frugum
1021 2861 1145 2935 utilitas,
1165 2860 1298 2918 arborum
1317 2877 1389 2938 opa-

245 2961 316 3018 oitaa
343 2961 497 3040 perplacet.
541 2961 743 3038 Conjunctieue
773 2967 886 3037 antem,
914 2983 971 3040 quo
999 2962 1157 3041 complores
1184 2961 1286 3020 offensi
1311 2967 1388 3040 eunt,

245 3063 343 3120 mirem
363 3059 408 3120 bie
428 3062 515 3121 babet
534 3063 591 3120 vim
613 3061 641 3119 in
665 3063 870 3140 recogitanda
890 3064 1079 3141 fingendeque
1099 3062 1144 3139 (v.
1167 3061 1217 3126 25.
1237 3059 1332 3139 Epirt.
1358 3066 1388 3140 1,
1457 3055 1461 3064 ⁸

246 3163 299 3240 19,
322 3161 456 3229 12-14.
480 3167 515 3241 2,
538 3166 572 3240 1,
595 3163 638 3225 80
663 3161 741 3242 sebiq.
764 3163 910 3242 Soboridi.
931 3163 995 3224 Sat.
1017 3167 1049 3239 2,
1069 3165 1101 3241 3,
1125 3159 1195 3228 169.
1218 3163 1280 3229 Cio.
1300 3163 1387 3225 ome.

244 3265 285 3342 8,
305 3265 363 3341 28,
384 3265 437 3330 90.
458 3263 527 3345 ab),
551 3269 583 3323 ut
608 3265 749 3324 sententia
766 3267 819 3325 eit:
843 3267 950 3344 „Quid
971 3267 1066 3342 dites,
1085 3267 1108 3325 ei
1128 3283 1232 3344 vepres
1253 3285 1339 3326 corna
1358 3273 1389 3328 et

244 3385 336 3446 pruna
355 3369 432 3428 ferre
451 3367 502 3426 tibi
520 3367 655 3444 fingiei“
676 3374 730 3427 etc.
773 3367 843 3428 Inde
864 3366 1035 3448 inprobabis
1057 3366 1203 3426 Lambini
1225 3369 1389 3449 explicetio·

244 3486 325 3527 nem:
355 3471 416 3544 „Si
446 3475 476 3528 et
503 3469 620 3529 frutices
647 3487 734 3529 corne
754 3472 848 3531 ferant
862 3503 904 3517 -
919 3503 962 3518 -
976 3503 1036 3549 -‚
1061 3481 1122 3533 tum
1139 3471 1271 3550 protecto
1293 3471 1388 3534 dicere

243 3573 357 3650 poesie,
376 3572 492 3632 fundum
511 3591 603 3632 meum
624 3573 796 3634 amoenitate
820 3579 850 3634 et
871 3573 1016 3635 fertilitate
1039 3590 1102 3632 eum
1121 3573 1251 3633 Tarento
1270 3593 1388 3655 eompa-

244 3675 301 3733 rari
320 3692 421 3755 poree,
443 3679 529 3752 atque
549 3677 622 3734 adeo
640 3673 798 3736 Tarentum
817 3677 911 3755 iprum
930 3678 960 3736 in
981 3677 1097 3736 fundum
1114 3693 1206 3735 merem
1220 3678 1387 3738 uenantum

245 3779 342 3836 esse.“
380 3775 466 3857 Pejor
486 3779 572 3838 etiem
593 3777 775 3856 Haberseldi
794 3779 936 3839 sententia
956 3765 1022 3838 eet:x
1037 3777 1170 3854 „Qnodei
1190 3797 1294 3857 vepres
1308 3795 1386 3837 meae

244 3885 354 3940 tentum
373 3901 480 3959 premor
501 3881 632 3960 spinosae
653 3881 778 3959 aliosque
799 3879 884 3940 beeee
906 3879 1031 3940 eilieeimi
1051 3881 1164 3956 generis
1185 3882 1262 3941 ferre
1287 3883 1389 3961 opina-

247 3981 334 4058 beiie,
353 3991 458 4060 quante
478 3987 508 4040 te
529 3982 622 4061 capiet
639 3981 799 4057 admiratio,
821 4001 906 4060 quum
925 4001 1015 4063 prema
1034 3989 1064 4042 et
1084 4001 1170 4042 corna
1192 4002 1227 4043 er
1244 3985 1278 4042 iio
1291 3985 1388 4061 genita

246 4083 406 4142 videbiei“
446 4083 617 4144 Hoeleederi
646 4101 759 4163 qnoque
790 4083 937 4143 minberie
969 4085 1146 4163 opinionem,
1183 4103 1239 4162 qua
1269 4085 1388 4144 Poetam

237 4187 338 4267 smge
358 4185 413 4244 iiie
434 4187 576 4263 giandiom
593 4205 682 4265 genna
704 4186 741 4244 ad
762 4183 857 4246 nobile
875 4187 1018 4264 quoddam
1037 4185 1177 4244 fruetuum
1196 4186 1316 4246 evehere
1335 4203 1389 4245 vo·

246 4289 334 4348 iuieee
355 4287 485 4366 opinatur
502 4288 540 4347 ob
561 4307 681 4365 eamque
703 4305 764 4346 rene
785 4287 951 4368 Donbegio
972 4289 1146 4363 assentitur,
1173 4287 1218 4346 eui
1240 4287 1388 4365 Horatius,

245 4393 321 4472 qnie'
333 4408 438 4470 vepree
456 4407 543 4448 corna
561 4393 592 4449 et
611 4409 702 4470 prone
720 4389 844 4471 ferrent,
865 4407 967 4450 aureae
987 4391 1090 4450 aetatis
1113 4389 1205 4468 (virg.
1214 4388 1276 4447 Eoi.
1291 4387 1322 4464 4,
1333 4385 1389 4467 29)

245 4495 367 4573 vestigio
388 4491 494 4552 vidieae
511 4493 591 4553 visus
612 4499 667 4552 eet.
710 4492 817 4550 Totum
835 4497 934 4552 nutem
954 4491 1047 4552 iocum
1064 4497 1133 4569 poet
1149 4489 1200 4551 n.
1215 4489 1388 4550 lamentum

246 4595 294 4677 (V-
311 4616 342 4676 p·
356 4597 422 4676 ὃὸ.)
439 4595 586 4672 eleganter
601 4595 739 4658 enodavit
760 4593 906 4654 Deintzer.
941 4596 1065 4673 Vepree,
1082 4593 1152 4652 aliae
1170 4592 1271 4672 quibua
1284 4590 1388 4654 neuin
