3380 5324
367 519 431 586 368
492 517 703 583 COllllENT.
717 519 760 580 IN
772 519 865 584 HOR.
880 517 952 580 ΗΒ.
968 517 991 579 l.
1022 513 1420 580 transmutent.
1461 517 1509 580 2⁰

369 694 479 774 appetit
505 701 535 754 et
561 701 678 752 actuosa
702 689 824 767 qudam
854 687 1037 766 officiosaque
1065 688 1122 746 vita
1147 687 1201 748 ribi
1225 689 1340 766 euinque
1365 686 1507 765 produae

368 796 444 872 vult,
470 794 545 854 ised
566 792 735 872 potentioris
753 791 899 868 cujusdam
917 809 982 850 reae
1000 790 1124 870 applicet
1133 791 1163 870 *)
1184 789 1366 852 amicitiau.“
1408 789 1508 848 floa-

369 909 412 958 ιιι
437 897 500 954 ruia
526 913 583 954 non
611 892 675 970 qui,
703 895 735 950 ut
764 891 914 970 Gruqreuu
940 899 971 952 et
1000 891 1138 950 Ludinue
1166 893 1249 952 nimir
1280 893 1338 954 late
1364 893 1509 970 interpre-

369 1006 481 1073 tantur,
498 995 629 1075 „patriae
650 999 682 1053 et
700 993 795 1054 amicir
816 994 891 1054 utilia
908 995 976 1053 ert“
993 993 1036 1071 (in
1055 1013 1139 1072 quam
1158 996 1325 1056 sententiam
1346 995 1449 1060 Seuer,
1469 993 1509 1054 de

368 1102 427 1162 vit.
447 1100 522 1159 beat.
543 1097 594 1160 30.
620 1097 648 1153 ai
667 1097 735 1175 quia
756 1094 827 1154 beno
847 1096 884 1154 de
906 1116 936 1154 aa
957 1108 1100 1172 madar,
1122 1095 1178 1156 hoo
1200 1099 1264 1176 ipro
1283 1095 1355 1154 aliis
1372 1094 1509 1172 prodat,

369 1203 451 1284 quod
469 1199 532 1260 illie
548 1197 742 1278 prostitutum
758 1193 867 1282 parat)
876 1241 888 1269 ,
908 1200 960 1258 aed
980 1201 1028 1278 qui
1049 1200 1131 1276 iacit,
1156 1205 1187 1258 ut
1205 1218 1269 1258 aesc
1288 1195 1456 1256 insinuando
1475 1194 1509 1256 in

368 1305 482 1386 patroni
497 1302 614 1380 alicujus
634 1300 782 1360 amicitiam
806 1299 888 1379 lrujur
907 1301 987 1360 lavor
1007 1301 1035 1359 in
1058 1301 1162 1362 liberos
1178 1319 1306 1379 quoque,
1333 1299 1510 1379 propinquo·

368 1413 399 1466 et
416 1406 521 1464 amicos
540 1403 690 1463 redundet.
729 1402 819 1478 Major
834 1407 928 1462 tamen
941 1404 1117 1462 commodum
1130 1403 1158 1461 in
1173 1402 1264 1482 ipsum
1279 1401 1382 1476 influit,
1402 1400 1510 1479 quippe

369 1510 417 1588 qui
431 1505 529 1586 pardo
545 1503 704 1584 benigrrr'ue
725 1523 755 1562 aa
782 1514 885 1562 auctet
902 1501 978 1588 (Sat.
999 1507 1034 1582 2,
1054 1507 1088 1581 2,
1108 1502 1165 1580 85)
1184 1503 1286 1562 lautius
1315 1509 1345 1562 et
1365 1500 1510 1562 liberalius

368 1609 445 1688 apud
462 1613 612 1688 patronum
631 1607 760 1666 virendo.
808 1607 893 1669 Cous.
912 1607 1013 1668 Lama.
1033 1607 1071 1666 ad
1093 1606 1149 1668 Od.
1174 1605 1204 1679 1,
1227 1606 1280 1680 17,
1306 1605 1355 1666 15.
1377 1601 1509 1670 Hildebr,

369 1711 409 1770 ad
424 1708 508 1788 Apul.
528 1709 599 1774 utet
619 1729 650 1788 p.
671 1707 720 1773 64.
755 1707 837 1768 Hanc
856 1708 912 1769 loci
933 1710 1100 1770 sententiam
1121 1706 1293 1786 Rappoltue
1312 1723 1424 1782 quoqne
1439 1723 1510 1782 per-

369 1813 468 1888 vertit,
494 1829 579 1888 quum
598 1811 731 1892 explicat:
754 1809 906 1887 „Prosunt
927 1812 1096 1887 enimenin,
1121 1810 1169 1887 qui
1196 1813 1316 1888 pareunt
1340 1805 1510 1885 sumptibus,

369 1920 416 1988 et,
436 1920 469 1972 ut
487 1931 547 1975 rum
567 1913 781 1976 luculentiorem
803 1913 899 1972 liberie
913 1913 1087 1991 relinquant,
1109 1912 1222 1990 genium
1235 1911 1405 1970 defraudant
1418 1927 1510 1968 auum

369 2015 457 2078 Tales
479 2015 628 2096 quisunt,
648 2015 677 2074 lr.
703 2035 749 2093 e.,
769 2033 854 2095 parce
875 2022 905 2076 et
925 2016 1004 2076 aride
1020 2016 1069 2091 qui
1089 2015 1233 2088 victitant,
1252 2019 1338 2090 atque
1357 2011 1509 2088 aliquando

368 2125 464 2177 tamen
483 2137 603 2176 coenare
617 2117 766 2194 benignius
786 2118 870 2197 paulo
888 2119 1001 2194 volunt,
1023 2137 1074 2178 eos
1092 2120 1129 2178 ad
1142 2122 1241 2176 unctor
1255 2119 1407 2192 accedere,
1428 2116 1457 2176 la.
1474 2135 1510 2192 e,

369 2221 507 2279 lautorum
525 2217 666 2278 hominum
688 2237 800 2278 mennas
819 2221 920 2280 sectari
937 2219 1036 2296 jubet,
1057 2225 1089 2278 ut
1107 2225 1137 2278 et
1156 2221 1226 2278 liant
1245 2221 1303 2280 voti
1323 2219 1365 2278 aui
1391 2237 1511 2297 compo·

370 2329 432 2397 tea,
464 2327 493 2378 et
513 2339 573 2378 rem
601 2340 665 2380 oum
692 2321 794 2380 damno
816 2339 930 2380 auorum
955 2339 991 2379 ne
1014 2321 1181 2398 ιιιῖἱίςιιιῌί
1222 2320 1312 2378 Recte
1341 2315 1511 2378 Lambinus

369 2419 468 2480 verba:
489 2419 608 2478 accedo
629 2423 725 2479 ciccae
747 2422 793 2480 ad
811 2433 934 2480 unotrrm
954 2423 1088 2502 explicat:
1110 2429 1165 2499 „tu
1183 2441 1291 2501 pauper
1311 2427 1341 2480 et
1360 2423 1453 2482 tenuia
1472 2421 1511 2480 ad

370 2522 519 2582 amicitiam
542 2523 650 2602 copiosi
673 2528 703 2583 et
724 2523 819 2582 divitis
839 2531 869 2584 te
892 2524 1081 2604 applcabis.“
1124 2525 1181 2596 Qui
1205 2527 1299 2584 aulem
1320 2544 1354 2585 ex
1375 2524 1419 2582 his
1439 2525 1511 2602 ipsiu

370 2622 445 2684 effici
465 2621 579 2699 volunt,
606 2623 742 2682 Scaevam
762 2643 916 2704 pauperem
942 2631 971 2686 et
991 2627 1082 2685 tenuia
1105 2625 1233 2688 fortunae
1252 2625 1392 2686 hominem
1413 2626 1511 2702 sumna

370 2727 392 2796 ii
409 2723 483 2784 haud
502 2725 565 2782 acio
585 2744 622 2784 an
637 2725 748 2786 Horatii
761 2727 887 2804 jocosam
899 2747 992 2805 neque
1009 2735 1149 2790 austeram
1166 2729 1354 2808 praecipiendi
1373 2726 1512 2790 rationem

371 2828 511 2904 ignorent.
554 2825 666 2888 Festive
690 2837 784 2890 autem
809 2831 882 2890 Hor.
910 2829 1157 2891 similitudinema
1182 2850 1214 2889 re
1240 2832 1402 2891 coenatoria
1428 2831 1511 2891 sumit

372 2929 558 3009 parasitorum
570 2947 664 2988 mores
676 2931 774 2992 leviter
786 2933 959 3011 ridiculeque
972 2933 1157 3010 tangenr**).
1189 2932 1267 2992 Care
1280 2938 1374 2994 autem
1389 2943 1512 2991 uncum

372 3039 404 3090 ut
415 3030 593 3101 Anemuri,
606 3027 788 3105 umnam,
803 3033 860 3109 ulii,
874 3041 1085 3112 unguentatum,
1097 3041 1240 3112 augurento
1254 3033 1408 3094 delibutum
1425 3035 1512 3094 inter·

261 3198 265 3206 „
371 3132 504 3208 preteria.
546 3131 599 3190 lint
619 3134 692 3194 enirn
712 3134 755 3210 ia,
775 3138 822 3213 qui
840 3136 916 3196 laute
929 3137 998 3199 vivit
1012 3145 1041 3196 et
1056 3137 1218 3215 conquisitis
1233 3135 1321 3215 epulis
1335 3153 1450 3196 menaea
1464 3156 1513 3196 ex·

254 3287 260 3302 ,
372 3232 522 3293 cunevet
542 3234 644 3312 „qui,“
665 3239 697 3292 ut
718 3235 756 3294 ait
784 3237 1053 3316 Cumauam-„non
1072 3249 1129 3298 tarn
1149 3244 1234 3317 eaput
1251 3256 1333 3318 quarn
1347 3245 1448 3312 guttur
1461 3238 1513 3298 lra-

372 3334 421 3396 bet
441 3335 626 3394 condimentis
647 3335 824 3396 inunctum.“
859 3338 943 3398 Mart.
962 3343 1013 3416 11,
1035 3341 1066 3419 6,
1090 3343 1119 3404 1.
1164 3341 1267 3400 Uncto
1280 3341 1418 3423 falciferi
1434 3346 1513 3402 ιοιιὶσ

373 3434 476 3494 diebus
496 3441 526 3494 et
545 3455 611 3500 ann.
629 3439 667 3498 ad
688 3437 738 3516 14,
761 3443 810 3506 21.
846 3440 952 3500 Sieoua
979 3449 1123 3503 autemut
1150 3443 1219 3502 aliua
1241 3445 1349 3518 uvido,
1378 3445 1512 3520 madido,

454 3685 486 3762 *)
496 3693 537 3748 llo
551 3697 685 3750 sententia
695 3697 817 3754 Eduardi
830 3717 847 3750 a
857 3698 969 3755 lorcin
992 3701 1042 3770 „si
1056 3719 1110 3758 rem
1121 3701 1188 3756 velia
1203 3701 1310 3772 iacere,
1326 3704 1470 3758 ruhniam
1484 3714 1513 3762 ct

373 3778 503 3834 obnoxius
517 3779 578 3832 veni
590 3780 625 3833 ad
639 3791 733 3837 unctor
747 3801 794 3838 een
808 3783 935 3852 diritea“,
959 3785 1123 3854 noereio.-
1143 3787 1236 3856 „Aber
1254 3790 1320 3843 auclr
1337 3789 1381 3845 die
1398 3791 1513 3846 Verbin-

372 3866 445 3936 dung
459 3865 508 3918 mit
519 3866 571 3920 den
583 3866 702 3922 Grorren
715 3868 775 3935 hat,
789 3888 867 3924 weun
877 3870 916 3925 rie
927 3871 1022 3928 anderu
1036 3873 1139 3928 deinum
1150 3875 1331 3931 Gorclrmaake
1341 3892 1512 3946 augonem

372 3952 424 4020 iat,
444 3949 503 4004 ihre
517 3951 687 4006 Vortlreile.“

441 4033 483 4106 **)
498 4034 618 4092 moaci
632 4039 673 4108 (p.
685 4031 766 4107 171)ι
785 4039 979 4094 Humoriatiroh
994 4041 1091 4096 drr'rolrt
1104 4059 1134 4096 or
1152 4041 1210 4098 lrier
1229 4045 1277 4100 dar
1291 4062 1377 4117 ganne
1392 4047 1513 4102 Varhiltr

374 4119 429 4174 niae
439 4121 474 4176 irn
486 4119 569 4174 Sinne
581 4120 628 4176 dea
640 4124 742 4177 Scaena
756 4131 840 4178 etwas
851 4123 947 4194 hareb,
963 4128 1037 4180 atallt
1048 4146 1077 4182 ea
1088 4129 1127 4182 alr
1137 4128 1181 4182 oin
1193 4129 1296 4185 blorree
1306 4131 1397 4186 Mittel
1407 4132 1463 4199 dar,
1476 4134 1513 4188 im

373 4207 466 4264 Leberr
482 4205 688 4264 lortaulromrnen
703 4209 755 4262 und
771 4208 828 4264 rich
845 4211 938 4265 Etwaa
951 4227 983 4266 ιιι
1003 4214 1076 4268 Gula
1090 4231 1122 4268 nu
1137 4214 1218 4279 thun3
1239 4218 1299 4286 „ja‚
1314 4235 1371 4272 ner
1383 4217 1513 4274 fortioru-

373 4309 431 4346 mon
451 4291 520 4361 will,
542 4308 612 4346 muer
633 4293 692 4348 aiolr
709 4291 823 4350 dunaal
844 4297 1017 4368 baquenran.“
1056 4299 1111 4353 Dar
1130 4299 1263 4355 Bildlicha
1281 4302 1329 4356 dua
1342 4302 1513 4358 Ammodes

374 4378 428 4430 und
443 4377 491 4432 der
505 4377 631 4432 lachende
644 4378 747 4433 Humor
760 4387 858 4436 murete
873 4383 931 4435 dem
945 4385 1045 4438 &aava
1060 4401 1102 4438 um
1116 4401 1145 4438 ro
1159 4385 1306 4440 deutlichar
1317 4388 1512 4456 honoranter,

370 4461 401 4530 je
416 4463 490 4600 melpr
497 4481 534 4601 pr
553 4463 639 4518 aelbrt
652 4463 713 4532 [il]
734 4464 792 4522 dier
807 4463 972 4524 verhilmics
989 4467 1028 4523 ala
1042 4470 1085 4524 ein
1101 4469 1250 4542 undrim,
1265 4473 1435 4544 mnirdigu
1449 4473 1512 4530 dar·

374 4553 450 4614 geste
471 4555 483 4598 t
515 4550 601 4602 atte.“
