3458 5318
220 519 262 582 39
337 517 681 582 communitum
704 523 870 582 HORATll
891 521 1004 584 utut.
1039 521 1281 586 uuistuom
1336 527 1377 590 39

221 703 392 780 laudique
412 703 566 764 obcecatue
585 707 710 779 Μέσον
737 729 829 786 quam
855 709 976 786 pudori.
1024 711 1109 768 Nom
1138 733 1265 789 quor-cem
1297 733 1378 774 meur

218 804 342 864 hueetu
362 817 425 878 eet,
449 827 549 866 eonem
570 807 722 868 iubentia
741 810 828 886 frum
852 810 935 891 eot.*)
979 813 1122 870 Praemia
1147 821 1242 876 autem
1261 817 1379 896 sroutee

218 905 352 968 urbanae
373 909 507 970 dicuutur
528 919 559 970 nt
580 910 738 971 doctarum
768 912 893 970 hederae
921 917 1059 990 proemia
1080 915 1235 994 frontium
1263 918 1320 978 Od.
1348 921 1377 994 1,

194 1095 196 1098 Ι
219 1013 249 1086 l,
271 1010 320 1076 29.
350 1008 419 1088 ibiq-
442 1009 568 1072 Lubter.
600 1015 705 1072 iuraui
729 1016 868 1091 praemia
895 1015 1010 1074 acridae
1037 1018 1100 1076 sat.
1129 1020 1159 1094 1,
1182 1017 1213 1093 5,
1235 1019 1288 1082 35.
1309 1019 1377 1097 ibiq.

215 1110 329 1172 Rodell.
357 1119 388 1171 et
413 1113 519 1174 Heind.
549 1114 613 1174 coll.
649 1116 744 1178 Ktou.
773 1117 811 1175 ad
841 1117 901 1176 Cic.
926 1117 1013 1179 Tuec.
1045 1118 1076 1192 5,
1098 1120 1130 1194 7,
1156 1120 1216 1194 20„
1244 1123 1262 1181 i.
1287 1141 1312 1182 e.
1334 1125 1378 1182 iu-

215 1213 307 1290 aignia
327 1221 414 1292 atque
438 1224 628 1294 ornamenta,
657 1217 759 1294 quibua
789 1217 852 1276 sola
880 1219 986 1296 gaudet
1005 1219 1099 1296 stoue
1121 1217 1256 1298 urbano,
1288 1224 1328 1284 ita
1349 1231 1379 1284 ut

215 1319 292 1374 tecte
311 1315 414 1376 dixerit
435 1314 541 1376 Poeta:
571 1320 661 1393 „mili
683 1319 890 1378 deveniendum
914 1318 967 1378 init
988 1323 1025 1380 ad
1046 1325 1192 1398 egregiam
1213 1323 1290 1384 illam
1311 1343 1378 1403 per-

214 1416 349 1477 frictiorie
380 1417 483 1478 icontie
516 1419 667 1498 virtutem,
699 1439 772 1499 quae
801 1439 859 1480 une
891 1423 1016 1481 omnium
1051 1423 1080 1482 in
1116 1425 1241 1501 petendo
1274 1429 1379 1486 excutit

214 1519 349 1580 mecum
367 1520 542 1598 pudorem.“
574 1521 730 1582 Nostrates
753 1525 850 1582 dicunt
878 1523 947 1598 „die
976 1523 1040 1582 edle
1058 1520 1142 1582 Gabe
1164 1527 1215 1584 der
1235 1525 1377 1606 Dreietig-

213 1619 308 1682 lettr‘
350 1621 431 1682 Idem
451 1629 605 1682 renuerunt
625 1625 799 1700 interpretes
824 1627 949 1684 Voculae
971 1631 1001 1686 et
1027 1623 1174 1684 acuetur:
1201 1628 1312 1702 „Uebt'
1332 1631 1378 1690 iclr

212 1721 266 1782 der
285 1721 464 1782 etidtieclreu
478 1721 568 1782 Stim'
589 1725 817 1786 arueeichnende
839 1725 961 1796 Gabe;“
981 1726 1071 1802 „Gab
1093 1727 1138 1788 iclr
1156 1750 1193 1790 zu
1215 1732 1283 1790 dem
1305 1733 1378 1792 mich

212 1822 283 1899 lter,
319 1841 378 1884 aaa
406 1825 561 1886 etidtiaalre
591 1826 710 1886 Stirnen
742 1826 901 1905 begabet,“
932 1827 1025 1888 simile
1059 1831 1127 1906 quid
1159 1831 1310 1892 Baeterrae
1348 1841 1377 1894 et

216 1923 413 1986 suencuam
433 1926 528 2004 (clav.
548 1927 621 1986 Hor.
645 1948 674 2006 p.
699 1931 772 1994 288.
794 1928 894 2008 385.)‚
915 1929 983 2005 ille,
1010 1949 1096 2006 quum
1118 1934 1259 2008 praemit
1280 1937 1375 2010 dotet,

212 2027 269 2103 laic,
292 2045 380 2106 quum
402 2028 569 2106 qualitatem
587 2031 704 2089 diceret
747 2029 787 2092 At
806 2032 862 2090 dici
883 2031 929 2090 vix
950 2037 1060 2108 potest,
1081 2043 1258 2114 quantopere
1283 2039 1312 2096 iu
1332 2036 1377 2096 hie

209 2127 303 2190 tribua
322 2131 355 2190 ia
374 2129 431 2188 alia
451 2131 545 2190 onuria
565 2129 687 2192 abierint
708 2135 891 2212 interpretes.
934 2131 969 2209 1)
995 2132 1157 2196 Ducendi.
1191 2135 1322 2196 Botlciuc
1348 2143 1377 2196 et

209 2229 458 2290 materam:
495 2231 755 2308 „demittant
779 2236 810 2294 iu
833 2253 950 2296 arenam
976 2235 1015 2293 ad
1040 2236 1219 2314 acquirenda
1250 2240 1377 2316 praemia

208 2329 338 2411 (Preiee)
356 2331 479 2410 trontie,
505 2333 534 2394 lr.
557 2353 582 2393 e.
607 2335 816 2414 impudentiae,
846 2337 939 2416 qualia
964 2353 1032 2396 ecee
1050 2335 1144 2398 eoleat
1164 2337 1308 2400 homiuum
1325 2357 1375 2397 ur·

208 2433 368 2511 morum,
400 2433 501 2512 quibua
528 2437 590 2496 fere
623 2437 724 2513 datur,
757 2441 836 2516 qnod
866 2437 1004 2518 petuut“
1045 2437 1128 2500 lianc
1156 2439 1374 2518 explicationem

208 2535 381 2616 comprobat
404 2536 643 2600 Summanus
663 2557 693 2616 p.
712 2539 755 2602 10
774 2535 869 2620 ΜΝ)
911 2541 955 2600 Ac
974 2559 1011 2600 ne
1037 2539 1106 2617 quid
1128 2539 1166 2602 de
1187 2541 1374 2622 explicatione

207 2657 236 2698 r.
259 2639 338 2699 deae.
358 2638 446 2716 louge
466 2640 606 2701 arceeaita
626 2641 736 2717 dicatum
759 2643 863 2720 pudor
891 2643 1042 2722 depactum
1062 2661 1166 2702 numne
1190 2647 1323 2706 continuo
1339 2644 1374 2704 fit

205 2737 405 2821 mpudendct
425 2741 527 2810 eridi
547 2743 639 2803 fuitne
651 2741 788 2804 Horatius
809 2751 869 2804 tam
890 2745 1000 2805 terrena
1022 2744 1164 2821 adulator,
1184 2755 1218 2808 ut
1237 2767 1304 2808 ecee
1319 2748 1373 2806 im·

204 2842 382 2922 pudmtlbua
401 2842 590 2922 ascripserit?
617 2845 657 2904 At
679 2863 798 2920 vereor,
827 2864 864 2904 ue
890 2849 998 2924 antiqui
1029 2865 1125 2908 morea
1152 2865 1187 2906 ex
1207 2855 1309 2908 nocua
1327 2847 1372 2904 di·

204 2944 292 3004 cendi
311 2943 517 3004 eonsuetudine
538 2943 698 3004 adulatoria
710 2947 883 3022 judicentur.
913 2946 947 3022 2)
969 2948 1066 3008 From
1089 2946 1155 3010 urb.
1184 2947 1225 3006 Ut
1239 2947 1288 3024 sr.
1305 2943 1370 3006 urb.

203 3044 265 3106 illie
284 3051 317 3104 et
333 3042 426 3102 lartio
446 3043 622 3122 impudentia
642 3063 709 3104 eeee
727 3046 855 3116 videtur,
876 3047 917 3104 ito
943 3047 1005 3106 aliie
1033 3047 1203 3124 significatio
1231 3045 1370 3123 quaedam

203 3145 400 3208 lummitatie.
444 3145 493 3206 Sic
524 3145 752 3206 Burmanmce:
784 3163 894 3224 „anana
925 3165 988 3208 eum
1015 3165 1034 3208 a
1069 3154 1100 3209 te
1130 3146 1240 3206 urbane
1269 3151 1370 3226 petere

167 3429 170 3436 ’
290 3419 320 3492 ¹¹³)
342 3425 441 3478 Locum
462 3421 604 3476 Ciceronis
620 3421 654 3476 de
669 3421 797 3476 Provinc.
821 3439 895 3476 cone.
914 3417 941 3491 4,
955 3425 981 3476 8.
1000 3423 1051 3476 lruc
1066 3439 1119 3476 non
1140 3422 1278 3492 pertinere
1292 3431 1367 3476 recte

203 3507 301 3564 docuit
315 3507 435 3564 Orellice·
480 3507 655 3578 Quapropter
678 3507 842 3562 Freuudium
864 3507 892 3561 iu
910 3507 979 3561 Lex.
1002 3507 1050 3561 lat.
1076 3525 1104 3562 v.
1126 3509 1246 3564 urimur
1266 3514 1365 3562 armn-

205 3609 260 3666 que
272 3591 358 3647 locum
373 3591 568 3648 eomrnieculeee
579 3591 671 3646 miror.

289 3707 336 3780 **)
360 3711 389 3766 le
419 3731 446 3783 p.
466 3713 498 3767 12
521 3710 655 3780 explicate
686 3709 829 3781 „equidem
847 3727 889 3763 me
909 3711 944 3764 ad
970 3707 1000 3764 id
1020 3710 1234 3781 coueequendum
1251 3711 1364 3782 accinxi,

205 3795 278 3868 quod
292 3797 447 3868 plerumque
462 3797 611 3850 homiuibus
631 3793 717 3849 minue
731 3797 907 3864 verecundie,
934 3795 984 3849 eed
998 3795 1053 3849 alto
1068 3795 1146 3848 vultu
1164 3795 1365 3867 supercilioque
1469 3856 1473 3866 Ι

205 3882 391 3936 incedentibus
405 3885 558 3952 laetumque
577 3881 683 3935 inanem
700 3881 872 3950 impudenter
885 3879 1034 3934 fatentibus
1056 3880 1128 3934 uolet
1149 3880 1270 3935 concedi.
1308 3881 1365 3934 Ne-

205 3983 257 4037 qaa
275 3983 343 4022 raro
358 3985 374 4022 a
392 3969 523 4022 deiratio
539 3969 567 4022 h.
583 3967 602 4020 l.
626 3973 687 4020 arat
707 3965 873 4020 addendamc
897 3965 967 4035 „mit
981 3965 1142 4034 Baeorgniee
1155 3965 1214 4020 eiclr
1228 3983 1262 4020 eu
1276 3966 1365 4020 eruic·

205 4051 332 4121 driqeu.“
372 4053 443 4107 Nam
457 4069 613 4124 quanquam
627 4051 730 4106 inuitur
741 4053 794 4106 lroo
807 4052 908 4106 iecieee
918 4047 1008 4104 videri
1019 4051 1106 4106 voluit
1121 4049 1262 4120 Horatiae,
1276 4057 1364 4104 tamea

205 4137 279 4191 laud
291 4137 359 4206 tait,
375 4155 423 4192 cnr
436 4143 579 4207 metueret,
602 4155 637 4190 ue
650 4136 717 4192 llaec
730 4137 856 4206 Septimii
878 4135 1071 4192 commendatio
1090 4137 1145 4206 ipsi
1160 4141 1321 4190 contemtum
1336 4137 1366 4186 et

205 4221 375 4290 ignominiam
388 4225 460 4294 apud
475 4224 617 4278 Tiberium
629 4224 757 4288 effert-ete
772 4223 824 4277 imo
835 4224 927 4294 potine
933 4223 1064 4276 Horatius
1074 4239 1126 4291 pro
1137 4219 1268 4278 teneriori
1278 4217 1364 4288 ipeiae

205 4307 283 4362 enimi
296 4323 378 4362 eeneu
405 4309 456 4378 (ci.
472 4311 532 4362 Set.
549 4311 574 4375 1,
591 4311 617 4373 6,
633 4306 668 4364 ⁵6
684 4309 758 4380 eqq.)
787 4314 816 4362 et
829 4325 881 4377 pro
897 4309 1006 4362 interna
1027 4307 1136 4360 Tiberii
1157 4303 1250 4359 indole
1273 4308 1364 4356 exter-

203 4407 289 4466 naque
311 4399 425 4462 metum,
447 4411 483 4448 ue
496 4393 624 4448 audacior
639 4409 700 4448 aare
715 4393 857 4450 rideretur
870 4394 1054 4462 molestasque
1066 4391 1109 4444 illi
1128 4389 1225 4457 fieret,
1251 4403 1365 4459 expret-

203 4475 256 4546 eit,
272 4493 362 4550 nequa
378 4495 462 4547 earo,
476 4497 554 4550 qaum
567 4479 659 4536 atatim
670 4479 801 4536 adderetr
829 4479 924 4548 meua
951 4475 1100 4548 aqueae
1120 4475 1217 4528 luade·
1233 4476 1364 4546 pudorem

208 4567 267 4618 toto
280 4565 367 4620 animo
382 4563 412 4618 id
425 4564 553 4618 metuieee
567 4565 695 4620 uidetar“
718 4569 770 4619 etc.
