3480 5338
355 529 418 594 452
450 529 659 592 COMMENT.
676 529 717 590 ΙΝ
728 527 942 590 nonunt.
971 519 1424 586 artsr.nuonssv1castu.
1454 520 1498 584 84

354 707 519 763 instructum
540 703 633 778 dicat,
653 704 692 760 ita
713 701 852 759 hominem
874 695 1081 773 ‹lesoribit*).“
1118 695 1229 752 Decem
1249 699 1340 752 autem
1363 694 1442 750 vitir'r
1463 709 1497 750 er

356 823 486 864 sermone
498 804 545 882 **)
566 803 720 861 communie
742 800 814 858 vitae
835 799 938 857 dieitur
955 806 986 857 ut
1004 797 1088 858 Hom.
1109 793 1140 854 ll.
1157 797 1188 868 2,
1201 792 1273 858 489.
1296 792 1387 854 Plant.
1409 793 1497 852 llere.

357 911 387 984 2,
407 908 439 983 3,
463 909 511 970 li.
542 904 579 962 ib.
610 902 747 976 Tauiana,
768 903 807 960 iia
831 901 926 958 decisa
946 898 980 961 A.
1003 897 1220 962 P.291i·365.
1247 897 1337 958 Plaut.
1360 893 1497 976 Amphitr.

356 1011 387 1086 2,
410 1011 436 1080 1,
461 1009 509 1070 27.
530 1005 568 1064 ib.
589 1004 711 1065 Taubm.
732 1037 767 1051 ·-
785 1005 813 1061 ai
832 1023 890 1060 non
908 1000 970 1059 oda
978 1043 989 1071 ‚
1010 1003 1095 1081 regit.
1116 1001 1189 1058 Voae
1201 1005 1231 1058 et
1245 997 1378 1057 Merkel:
1401 996 1498 1073 „Mei-

356 1117 428 1168 stert
456 1129 488 1167 er
506 1108 599 1180 ihn,“
629 1107 658 1163 in
683 1123 766 1183 quarn
793 1123 853 1162 rem
879 1103 1050 1163 Schmidr'ue
1075 1103 1221 1162 commode
1248 1102 1345 1160 laudat
1367 1099 1428 1158 Cic.
1455 1117 1498 1177 pr.

356 1211 433 1268 Mur.
457 1211 516 1284 29,
536 1212 587 1272 60.
621 1207 693 1264 Non
721 1207 818 1264 multa
841 1225 966 1284 peecata,
992 1207 1092 1284 inquit
1112 1205 1164 1262 itte
1179 1204 1347 1282 sortleeimo
1372 1204 1434 1258 vein
1455 1221 1500 1258 ae-

356 1315 421 1370 ntor
442 1313 601 1389 magram,
622 1309 692 1379 sed,
713 1311 740 1364 oi
756 1325 885 1385 peceat,
907 1318 934 1364 te
953 1327 1053 1387 regere
1069 1327 1202 1386 portum.
1236 1305 1279 1365 De
1299 1305 1402 1364 festiva
1422 1303 1498 1360 aini-

356 1415 474 1472 litudine
492 1432 509 1471 a
527 1414 582 1491 pia
603 1421 697 1469 matre
718 1431 744 1472 v.
764 1411 814 1474 27.
835 1419 955 1488 rumpia
978 1417 1005 1470 et
1024 1409 1061 1468 ab
1080 1409 1254 1468 Hoehedero
1265 1407 1302 1487 †)
1321 1407 1385 1486 plue
1406 1423 1499 1481 aequo

356 1515 498 1574 subtiliter
516 1513 653 1595 explicata
670 1530 723 1571 ror
740 1511 836 1570 nescio
856 1531 929 1589 quae
947 1517 1083 1572 secretam
1095 1513 1195 1589 gamit
1207 1513 1236 1570 in
1256 1529 1366 1569 aurem:
1387 1525 1499 1567 manent

517 1621 523 1656 1
1256 1653 1260 1662 .

357 1619 394 1676 de
415 1617 539 1783 tagl-¹¹38
558 1749 600 1762 -
622 1717 673 1780 31.
706 1715 796 1772 Mm
816 1747 858 1759 ....
884 1713 1083 1794 entare-ils).
1118 1713 1213 1782 Quum
1229 1711 1288 1789 jana
1309 1729 1395 1770 unum
1412 1709 1500 1768 instar

358 1821 480 1880 omnium
501 1823 678 1900 proponatur
700 1816 872 1895 exemplum,
895 1835 950 1892 quo
970 1815 1051 1874 ‹lirea
1071 1816 1177 1874 amicus
1198 1831 1351 1892 pauperem
1371 1811 1500 1870 admoni-

357 1930 416 1980 tum
437 1922 513 1998 vult,
543 1939 579 1980 ne
600 1939 652 1978 ena
673 1919 755 1994 vitia,
775 1917 831 1976 hoe
856 1917 920 1975 loeo
941 1915 1054 1974 ninnium
1074 1915 1193 1990 cultum,
1220 1915 1359 1988 imitetur,
1387 1913 1499 1972 aerissi-

359 2040 432 2084 mam
452 2023 568 2082 habebis
590 2019 725 2079 Rodellir'
745 2021 788 2079 rel
812 2019 937 2078 Geeueri
955 2017 1217 2098 interpretationem
1237 2016 1273 2074 ab
1296 2021 1419 2095 interpp.
1439 2015 1501 2074 iere

358 2125 560 2184 recentioribus
590 2131 619 2183 et
643 2122 822 2182 Ruhnkenio
847 2123 883 2180 ad
904 2119 1022 2182 Terent.
1048 2120 1204 2195 Hecyr.2,
1226 2119 1260 2191 1,
1281 2121 1331 2183 28.
1359 2117 1495 2196 approba·

357 2233 430 2285 tam:
460 2226 569 2302 „Meae
591 2245 662 2304 oper
689 2231 783 2283 tantae
806 2229 888 2298 erint,
917 2229 950 2282 ut
969 2221 1088 2281 stultitia
1108 2221 1170 2280 illae
1191 2239 1247 2279 non
1272 2226 1407 2280 attenuet.
1416 2221 1438 2256 “
1459 2249 1501 2262 -

358 2328 468 2404 „Quod
489 2329 520 2385 in
537 2327 626 2386 divite
650 2326 767 2385 stultitia
789 2331 832 2384 eet
858 2332 887 2384 et
906 2325 1036 2397 vaniter,
1062 2321 1130 2382 illud
1159 2325 1189 2381 in
1210 2341 1336 2401 paupere
1356 2321 1435 2380 iuror
1455 2327 1501 2378 eat

358 2447 392 2487 ac
413 2427 586 2486 dementia.“
619 2427 727 2487 Contra
748 2426 911 2486 Scholiaatia
928 2425 1088 2485 auetoribne
1113 2419 1263 2505 [Porphyr.
1292 2423 1436 2503 ‚‚opibna‚
1456 2425 1501 2480 in-

359 2529 436 2607 quit,
470 2545 622 2606 campaneo
655 2527 804 2602 stultitiae,
836 2547 923 2606 quum
956 2527 1060 2586 etultua
1087 2547 1159 2586 eum.
1209 2526 1307 2585 Simile
1333 2525 1402 2584 illud
1437 2523 1501 2583 Sal-

358 2630 434 2690 lustii
453 2629 575 2710 (illator.
601 2633 626 2690 1.
645 2649 686 2692 or.
708 2626 809 2709 Lepid.
835 2627 910 2707 44.):
943 2629 1023 2705 Quia
1043 2627 1190 2687 aeeundae
1210 2649 1255 2686 rea
1271 2631 1344 2686 mue
1364 2639 1434 2687 ment
1453 2629 1501 2684 νί-

359 2733 409 2790 tiis
431 2728 605 2808 ohannau]
625 2728 812 2788 Lambinur:
835 2733 961 2808 ‚,diritee
982 2731 1154 2804 exhtimare,
1174 2731 1228 2789 eibi
1248 2733 1402 2791 automata
1418 2731 1504 2789 licere

359 2841 408 2894 eut
427 2839 504 2892 certe
524 2832 622 2912 plura,
641 2852 725 2910 qnam
746 2835 922 2909 tenuibue,“
948 2833 1115 2912 Cruqar'na:
1136 2835 1303 2911 „stultitiam
1324 2832 1502 2912 compensari

365 2969 562 2982 *n-n—-d

443 3037 472 3108 *)
494 3039 535 3092 De
555 3038 751 3094 aonetrnotione
769 3057 814 3098 rr.
831 3043 861 3097 21
881 3067 922 3080 --
941 3041 975 3098 25
996 3039 1157 3114 Daeringiar
1176 3049 1252 3096 reete
1273 3039 1391 3112 diepntet
1411 3049 1503 3092 eontra

361 3126 515 3180 maon
529 3124 569 3180 rio
583 3127 667 3180 verba
680 3137 891 3196 componentem:
908 3125 1003 3192 „diret
1017 3127 1114 3180 amicae
1130 3145 1209 3198 eeape
1225 3127 1312 3182 multia
1327 3125 1447 3195 pertibus
1461 3125 1503 3174 vi·

360 3210 455 3264 tioaior
474 3209 601 3264 interiore
620 3213 718 3278 arnico,
742 3213 859 3281 quamvis
882 3212 925 3265 iria
944 3213 1041 3266 eniam
1060 3213 1171 3266 inferior
1185 3213 1248 3268 talia
1262 3212 1311 3279 eit,
1327 3212 1427 3281 qualern
1444 3225 1504 3262 eum

360 3294 517 3365 descripsit,
533 3313 626 3366 nempe
637 3297 736 3350 Veneri
746 3297 867 3364 deditur,
884 3297 1001 3365 aleator,
1016 3306 1166 3351 ostentator
1177 3306 1205 3352 et
1215 3297 1360 3368 gloriosae,
1375 3293 1503 3366 pecuniae

361 3378 544 3451 eupidiaeirnua
554 3389 618 3449 eta..
634 3396 691 3435 eum
701 3381 758 3435 odit
769 3383 802 3435 ab
814 3398 897 3451 eoque
908 3382 1054 3436 abhorret“
1063 3393 1124 3450 eta,
1141 3400 1217 3453 quum
1226 3381 1385 3453 jungendum
1400 3380 1449 3434 eit:
1464 3381 1503 3432 di

360 3483 403 3518 ner
418 3464 515 3517 amhae
529 3480 601 3532 euru,
616 3483 691 3534 mern
705 3495 746 3506 --
764 3495 799 3506 -
817 3467 871 3522 odit
884 3475 909 3521 et
924 3469 1022 3522 donn.
1356 3457 1358 3462 ¹

432 3545 475 3617 **)
491 3548 533 3602 De
547 3565 595 3603 nen
614 3553 714 3605 numeri
728 3551 854 3616 ternarii,
871 3551 1016 3623 septenarii
1027 3559 1080 3608 eta.
1095 3553 1176 3606 multa
1196 3551 1304 3621 collegit
1323 3551 1462 3605 semotas·
1474 3547 1503 3600 in

362 3631 505 3700 „Sahalien
520 3651 551 3688 ru
566 3636 620 3699 Qu.
635 3637 703 3690 lior.
716 3636 825 3690 Flaoa“
841 3639 863 3692 l.
878 3635 1070 3707 p.12-14.,
1085 3637 1181 3710 quibua
1192 3638 1225 3691 de
1235 3637 1387 3708 septenario
1399 3634 1504 3706 quidem

361 3719 430 3774 adde
444 3720 547 3774 Buddei
559 3721 704 3775 introduct.
716 3722 749 3775 ed
760 3723 855 3792 philon.
872 3722 1035 3778 Ebreearurn
1049 3743 1076 3795 p.
1091 3725 1152 3780 363.
1173 3723 1289 3778 Hildolr.
1304 3721 1338 3776 ad
1352 3721 1431 3792 Apul.
1446 3719 1503 3774 Me-

361 3817 424 3859 tam.
441 3809 482 3874 11,
497 3808 522 3858 1.
536 3824 564 3876 p.
580 3801 641 3860 984.
657 3806 763 3859 Sialeler.
781 3808 907 3875 „Handlr⁸
922 3809 1030 3863 deruit.
1048 3811 1169 3880 Geogr.“
1184 3809 1220 3862 li.
1234 3827 1262 3880 p.
1278 3807 1339 3862 502.

438 3891 470 3958 p)
485 3891 512 3943 le
526 3891 581 3943 aiae
600 3892 675 3957 „Der
690 3891 801 3946 Dichter
815 3893 898 3964 epielt
912 3893 1012 3948 wieder
1025 3895 1073 3949 ratri¹
1081 3896 1123 3949 ein
1136 3892 1301 3947 Verhiitniaa
1311 3909 1361 3958 an,
1378 3889 1503 3944 nodaret

361 3976 409 4029 der
424 3976 531 4029 Frennd
547 3975 613 4029 oder
627 3977 820 4045 tlolrnreioirler,
842 3978 893 4032 wie
908 3996 934 4033 r.
955 3979 1014 4048 ta,
1036 3996 1092 4034 anm
1108 3979 1196 4034 iliade
1210 3979 1292 4043 wirdr
1309 3975 1385 4044 dart,
1409 3977 1460 4030 wie
1474 3991 1504 4027 ee

360 4061 473 4116 verder
493 4059 662 4116 Orbilirelren
677 4062 765 4116 Ruthe
785 4063 893 4133 zittert,
917 4063 988 4132 hier,
1005 4066 1057 4118 nie
1071 4081 1100 4118 ea
1120 4065 1230 4134 gerihrt
1252 4063 1360 4117 werden
1376 4079 1445 4116 nure
1460 4062 1505 4114 bei

361 4145 507 4202 ainliahen
523 4145 822 4218 Zureahtweirungen.“

423 4233 473 4300 ᾖ)
487 4231 528 4285 De
540 4231 630 4287 verbis
645 4234 682 4287 ait
692 4251 776 4304 prope
789 4252 853 4288 aera
866 4251 899 4288 ex
914 4234 1134 4304 interpretatione
1148 4235 1174 4288 J.
1191 4234 1323 4289 Merlrelii:
1337 4250 1387 4302 „eo
1401 4228 1504 4300 epriolrt

362 4335 393 4372 er
407 4319 455 4371 mit
471 4317 558 4371 Reelrt
574 4317 662 4370 wohl“
680 4319 737 4372 vid.
756 4333 816 4378 nnn.
833 4318 865 4372 ad
883 4323 908 4388 6,
925 4321 948 4373 1.
963 4319 1025 4372 coll.
1038 4319 1140 4372 Manut-
1157 4318 1189 4373 ad
1208 4319 1265 4373 Cic.
1285 4338 1326 4391 pr.
1344 4319 1414 4372 Seet.
1428 4315 1455 4382 3,
1474 4315 1502 4370 8.

364 4405 455 4457 Orellii
465 4401 722 4472 interpretationem
744 4404 798 4472 „im
821 4405 951 4458 Genzeu“
973 4411 1048 4457 recte
1061 4403 1193 4474 improbet
1206 4405 1327 4460 Haedina
1341 4403 1372 4456 nd
1388 4400 1504 4454 Turseli.

361 4487 409 4539 IV.
425 4505 452 4557 p.
466 4487 526 4542 603.
547 4487 696 4543 Pertianlae
710 4489 777 4542 euim
797 4489 870 4543 notio
891 4489 1120 4562 appropinquandi
1141 4488 1294 4544 modoetiam
1316 4487 1440 4558 exprimit
1459 4485 1504 4538 rel

358 4571 485 4641 jndieiura
497 4573 643 4645 prudenter
655 4571 808 4628 cohibitum.
