3372 5328
358 525 421 592 248
456 524 924 588 comminutionum.
944 526 964 584 l.
983 523 1105 585 EPIST.
1128 523 1263 595 QUINT.
1287 523 1418 588 Ductus
1453 527 1499 592 88

357 735 422 775 reor
442 735 477 774 ne
499 717 604 774 nodum
624 715 652 772 iu
674 715 767 793 scirpo
794 717 944 792 quaerant)
969 733 1024 771 nou
1053 731 1104 791 per
1128 731 1160 772 se
1186 713 1311 772 iudicant
1329 715 1496 792 podagram,

358 837 443 896 quam
471 818 584 894 quidem
612 817 699 876 sentit
727 815 890 889 Ducarius,
928 815 978 872 sed
1007 833 1118 874 omnem
1143 815 1270 874 morbum
1297 835 1331 876 er
1359 818 1495 896 pituitoso

356 919 472 978 bumore
499 925 690 995 contractum,
723 917 902 994 chronicum,
929 918 977 993 qui
998 921 1030 974 ut
1050 916 1174 976 arthritis
1200 917 1349 978 ‹liffieulter
1375 919 1494 982 tollitur.

356 1019 511 1098 Perperam
531 1021 577 1078 alii
599 1018 691 1076 mord.
714 1027 838 1082 cessam.
859 1017 896 1074 ab
919 1016 1040 1091 effectu,
1061 1017 1127 1094 quia
1147 1019 1242 1078 tardet
1263 1025 1294 1077 et
1314 1039 1427 1080 cessare
1446 1043 1495 1080 co-

357 1127 421 1198 gat,
447 1122 502 1179 dici
526 1123 686 1199 opinantur.
730 1120 805 1179 Hinc
839 1121 1009 1176 Torrentius
1036 1119 1212 1177 arthritideru
1240 1120 1373 1196 iutelligit
1400 1122 1494 1180 nervis

356 1223 551 1300 incubantem,
569 1241 643 1299 quae
653 1222 779 1280 homines
789 1221 837 1279 illa
846 1221 966 1310 adeptos
979 1221 1139 1280 desidiosos
1153 1239 1187 1279 ao
1200 1227 1358 1281 cessatores
1372 1223 1496 1282 fedati!

356 1323 402 1383 De
420 1324 508 1382 verbo
530 1321 661 1380 eliciendi
675 1321 804 1381 ¹Orellius
826 1329 972 1401 comparat
1001 1321 1078 1380 Cels.
1102 1325 1138 1399 2,
1168 1321 1217 1386 15.
1253 1323 1386 1382 Gestatio
1413 1325 1496 1382 nutis

358 1427 397 1484 au
407 1468 418 1496 ,
439 1425 547 1506 quibus
567 1425 665 1483 lentae
686 1423 854 1483 morborum
874 1424 1018 1504 eclipsim
1041 1435 1194 1482 remmus
1214 1445 1308 1503 nequa
1334 1425 1424 1482 aliter
1442 1426 1495 1483 eli·

356 1529 478 1588 dantur.
504 1527 628 1586 Verbum
639 1547 700 1604 seq.
713 1527 898 1606 ingemiseit,
913 1527 990 1604 quod
1002 1527 1072 1586 mire
1086 1527 1287 1604 interpretatur
1301 1527 1450 1606 Cruqus'm
1456 1527 1496 1608 Ι’),

356 1628 482 1708 pluribus
506 1628 629 1688 illustrat
650 1625 857 1686 Mnrkluudus
876 1631 913 1686 ad
932 1629 1006 1687 Stat.
1031 1627 1099 1686 Sila.
1123 1631 1160 1705 2,
1183 1630 1218 1706 5,
1241 1631 1289 1692 13.

441 1731 476 1788 V.
496 1731 525 1792 8.
542 1733 572 1792 9.
594 1729 715 1787 invidus
730 1732 843 1809 aegris,
870 1731 931 1806 Qui
948 1741 1038 1808 caput
1051 1765 1092 1776 -
1108 1742 1136 1789 et
1147 1732 1267 1811 frigida
1283 1751 1366 1790 rura.
1395 1731 1427 1791 lu
1439 1733 1494 1790 boc

356 1832 420 1890 loeo
442 1837 520 1890 recte
540 1836 739 1893 constituendo
763 1833 941 1892 observanda
964 1840 1031 1892 suut
1050 1837 1113 1892 tria.
1147 1835 1270 1893 Primum
1291 1821 1493 1910 adnitimur,

356 1935 385 1992 id
406 1935 482 2012 quod
503 1935 575 1994 bene
595 1937 780 1996 observarunt
800 1933 970 1994 Lambinus
990 1940 1020 1993 et
1041 1935 1190 2004 Piscator,
1209 1934 1329 2012 frigidae
1350 1935 1414 1996 illae
1429 1955 1493 2014 per-

355 2041 483 2100 fusiones
503 2043 564 2124 siae
584 2039 739 2116 stillicidia,
760 2039 862 2116 quibus
883 2045 980 2116 partes
1003 2035 1130 2112 corporis
1154 2037 1286 2114 affectae,
1312 2037 1446 2118 ut'csput
1466 2046 1493 2097 et

356 2143 530 2218 stomachus,
550 2145 590 2203 ita
611 2147 819 2218 supponuntur,
838 2147 869 2197 ut
884 2139 1091 2217 perfundantur
1112 2145 1142 2196 et
1162 2139 1241 2216 quasi
1262 2140 1397 2218 rigentur.
1420 2141 1492 2200 Cels.

356 2243 388 2319 4,
411 2247 439 2306 5.
461 2246 498 2303 de
520 2244 657 2303 stomachi
676 2242 865 2302 resolutione:
887 2239 959 2296 leina
969 2239 1119 2316 perfundi
1129 2240 1265 2318 frigido,
1285 2252 1375 2322 atque
1393 2246 1426 2301 in
1444 2264 1495 2300 eu-

356 2344 424 2403 dem
444 2359 562 2416 tentore,
583 2343 744 2403 canalibus
763 2341 894 2416 quodem
914 2338 1056 2412 subjicere
1072 2342 1160 2398 ιίὶαηι
1178 2347 1364 2402 ammutium
1382 2347 1493 2423 spem,

356 2481 398 2494 -
417 2481 453 2492 -
478 2451 635 2507 consistere
659 2448 691 2502 in
707 2445 834 2525 frigidis
854 2443 1064 2521 mennamque
1074 2441 1229 2521 sontibus,
1245 2477 1289 2490 -
1302 2479 1347 2492 -
1364 2449 1496 2506 sabare

357 2561 407 2607 est.
430 2549 472 2612 ld.
493 2553 526 2627 1,
545 2553 576 2612 9.
598 2549 695 2627 Aqua
708 2567 775 2605 vero
782 2545 907 2628 frigebis
921 2545 1037 2624 infusa,
1051 2555 1262 2626 praeterquam
1280 2550 1387 2626 copiti,
1407 2553 1495 2608 amen

356 2651 506 2710 stomacho
523 2651 652 2730 prodest.
676 2651 760 2710 conl.
785 2651 814 2724 1,
834 2648 864 2711 4.
888 2649 917 2710 5.
946 2645 1072 2705 Eandem
1096 2666 1157 2707 rem
1177 2651 1269 2726 tangit
1288 2651 1393 2712 Strabo
1414 2653 1446 2728 5,
1464 2653 1494 2715 3.

356 2755 399 2833 (p.
410 2753 483 2818 386.
496 2751 601 2834 Tchn.)
620 2747 669 2814 Ἐν
685 2751 718 2816 di
732 2755 775 2840 spi
789 2751 882 2834 oedip
898 2743 994 2834 τούτῳ
1011 2745 1027 2812 ὅ
1040 2742 1149 2813 Ἀνίων
1162 2751 1291 2826 distrios,
1305 2751 1357 2814 sal
1371 2749 1408 2815 ani
1420 2749 1494 2816 ''At-

357 2857 452 2937 βουλα
471 2853 641 2936 καλούμενα
662 2855 711 2935 ῥεῖ
726 2849 822 2918 ὕδατα
843 2847 946 2934 puppii
967 2851 1000 2914 ἐκ
1018 2854 1279 2934 πολλῶν,πηγῶν,
1299 2848 1376 2935 πρός
1396 2857 1496 2919 noral-

355 2964 409 3032 λας
428 2952 539 3034 νόσους
562 2957 613 3020 nal
638 2959 761 3020 πίνουσι
788 2956 839 3018 καὶ
864 2951 1080 3038 ἔγκαθημένοις
1102 2950 1229 3034 «iprensi.
1264 2952 1320 3016 Alii
1345 2969 1439 3036 eaput
1458 2959 1493 3016 ad

357 3063 528 3139 lavationes,
553 3059 737 3120 stomachum
766 3059 803 3116 ad
830 3061 961 3139 potiones
984 3058 1118 3117 referunt.
1161 3055 1273 3116 Deinde
1297 3059 1415 3120 verbum
1437 3081 1494 3118 nu-

356 3163 448 3220 dendi
458 3161 507 3241 **)
528 3183 586 3221 non
607 3163 712 3222 iudicat
737 3159 867 3239 Cruquio
888 3168 1005 3220 auctore
1024 3175 1173 3236 aegrorum
1188 3162 1326 3220 incertum
1346 3162 1495 3222 desirium

441 3381 469 3452 *)
485 3387 551 3452 „vio
562 3405 632 3458 geru.
645 3385 925 3456 πρωσοπογραφικῶς.
947 3385 987 3438 Au
1000 3403 1051 3439 non
1061 3386 1131 3439 ludit
1141 3385 1243 3440 Musam
1253 3395 1283 3441 st
1294 3387 1378 3458 ipsam
1390 3403 1494 3459 quoque

357 3467 549 3524 multitudinem
569 3472 733 3543 imperitam,
756 3489 823 3544 quae
837 3472 914 3526 unius
934 3471 1048 3540 Augusti
1065 3469 1163 3540 frigida
1182 3472 1269 3525 sanati
1289 3473 1378 3542 ζειαὶ
1399 3475 1494 3539 ondit,

359 3571 415 3607 sam
430 3552 568 3625 quibusvis
589 3559 689 3612 morbis
710 3557 897 3628 propulsandis
919 3555 1055 3624 idoneam,
1076 3565 1185 3610 auetore
1206 3574 1313 3629 quoque
1333 3559 1429 3626 Musa,
1449 3557 1495 3629 qui

358 3639 434 3712 quasi
449 3657 483 3692 ex
497 3642 590 3694 eodem
604 3643 693 3698 lebete
715 3641 861 3712 φάρμακον
881 3641 987 3694 hauriat
1000 3641 1138 3712 quibusvis
1160 3645 1283 3713 eorporis
1297 3643 1371 3697 malis
1385 3644 1496 3698 iufirmi-

359 3725 513 3795 tatibusqua
526 3728 649 3782 curandis
670 3735 774 3798 aptum,
797 3746 850 3782 non
871 3727 945 3798 prius
958 3727 1062 3780 ratione
1076 3729 1168 3781 babitu
1184 3728 1318 3798 piutitane
1330 3728 1381 3797 sit,
1404 3747 1439 3782 an
1452 3728 1494 3783 bi-

358 3811 391 3866 lis
406 3811 584 3880 aegritudiuis
599 3813 681 3866 lomes
703 3821 731 3866 et
751 3814 826 3882 origo
848 3811 954 3884 prima?
981 3811 1050 3864 Nam
1070 3813 1094 3866 si
1115 3814 1306 3868 contrariorum
1324 3814 1379 3867 sint
1398 3815 1496 3870 effecta

359 3895 510 3964 contraria,
534 3896 592 3966 quis
605 3897 768 3952 initiabitur
782 3917 816 3952 ex
831 3898 939 3952 defluxu
952 3897 1052 3966 irigido
1073 3905 1159 3951 natam
1172 3898 1199 3952 in
1213 3899 1320 3966 nonis,
1342 3916 1391 3953 seu
1404 3901 1495 3954 verius

359 3982 528 4038 articulorum
542 3982 710 4052 ligaminibus
724 3983 952 4038 intimationem
970 3980 1073 4035 balneis
1094 3983 1188 4037 ualidis
1208 3985 1336 4056 aquisque
1357 3985 1495 4040 suliuratis

358 4087 406 4124 seu
420 4067 527 4121 Baianis
542 4085 603 4120 esse
619 4070 809 4123 tollendaml“

444 4149 487 4222 **)
502 4152 617 4206 Similem
628 4154 704 4223 hujus
718 4155 796 4207 vorbi
807 4152 1027 4221 significationem
1040 4153 1210 4208 enodavimu
1222 4157 1248 4222 2,
1258 4149 1303 4208 40.
1315 4171 1343 4224 p.
1355 4156 1418 4210 167.
1430 4155 1495 4208 inda

357 4239 491 4304 judicabis
501 4238 535 4292 de
549 4237 773 4308 interpretatione
786 4239 879 4290 Vossiis
895 4237 1041 4309 „Welcber
1052 4238 1100 4291 das
1111 4239 1204 4308 Haupt
1217 4240 1270 4293 und
1285 4239 1330 4293 dis
1342 4237 1423 4293 umet
1434 4241 1494 4292 solt-

361 4322 433 4375 tuln
448 4353 484 4364 -
501 4323 704 4390 Unterstellt;“
727 4323 854 4376 Pusanuis’:
876 4321 1027 4388 „Wslober
1041 4323 1089 4376 das
1103 4323 1195 4394 Haupt
1208 4325 1263 4379 und
1276 4325 1328 4378 deu
1342 4324 1437 4394 qu
1448 4323 1494 4392 (i)

361 4403 510 4461 lednebttos
522 4415 601 4460 unter
615 4409 659 4460 die
675 4409 788 4472 Quellsn
802 4407 932 4461 Clusiums
949 4407 1064 4470 stellt;“
1080 4407 1211 4462 Mense:
1235 4409 1299 4478 „dis
1312 4411 1375 4464 book
1387 4409 1494 4463 derbis-

362 4489 409 4536 tan
422 4488 606 4544 Clusiuisoben
620 4491 733 4556 Quellen
747 4494 845 4562 Magon
859 4492 912 4546 und
926 4493 1026 4561 Haupt.
1035 4493 1053 4521 “
1081 4493 1122 4544 De
1143 4495 1276 4549 stomata
1289 4511 1339 4566 pro
1360 4494 1495 4550 exteriora

364 4573 442 4634 1²¹²!te
456 4581 484 4624 et
497 4575 557 4642 ipso
572 4583 667 4632 vantra
681 4582 770 4648 posito
786 4579 820 4632 of.
837 4579 930 4632 Barth·
944 4578 1011 4632 sav.
1025 4579 1052 4644 6,
1069 4577 1111 4632 17.
