<?xml version="1.0" encoding="UTF-8"?>
<!DOCTYPE html PUBLIC "-//W3C//DTD XHTML 1.0 Transitional//EN"
    "http://www.w3.org/TR/xhtml1/DTD/xhtml1-transitional.dtd">
<html xmlns="http://www.w3.org/1999/xhtml" xml:lang="en" lang="en">
 <head>
  <title>
</title>
<meta http-equiv="Content-Type" content="text/html;charset=utf-8" />
  <meta name='ocr-system' content='tesseract 3.04.00' />
  <meta name='ocr-capabilities' content='ocr_page ocr_carea ocr_par ocr_line ocrx_word'/>
</head>
<body>
  <div class='ocr_page' id='page_1' title='image "./quintihoratiifl00schmgoog_0206.png"; bbox 0 0 3372 5328; ppageno 0'>
   <div class='ocr_carea' id='block_1_1' title="bbox 449 1643 1080 1764">
    <p class='ocr_par' dir='ltr' id='par_1_1' title="bbox 449 1643 1080 1764">
     <span class='ocr_line' id='line_1_1' title="bbox 449 1643 1080 1764; baseline -0.01 -1"><span class='ocrx_word' id='word_1_1' title='bbox 449 1643 1080 1764; x_wconf 77' lang='grc' dir='ltr'><strong>ΟΟΜΜΕΝΤΑΒΙΙ</strong></span> 
     </span>
    </p>
   </div>
   <div class='ocr_carea' id='block_1_2' title="bbox 737 1909 787 1965">
    <p class='ocr_par' dir='ltr' id='par_1_2' title="bbox 737 1909 787 1965">
     <span class='ocr_line' id='line_1_2' title="bbox 737 1909 787 1965; baseline 0.02 -1"><span class='ocrx_word' id='word_1_2' title='bbox 737 1909 787 1965; x_wconf 82' lang='lat' dir='ltr'><strong>IN</strong></span> 
     </span>
    </p>
   </div>
   <div class='ocr_carea' id='block_1_3' title="bbox 186 2107 1335 2202">
    <p class='ocr_par' dir='ltr' id='par_1_3' title="bbox 186 2107 1335 2202">
     <span class='ocr_line' id='line_1_3' title="bbox 186 2107 1335 2202; baseline -0.004 -18"><span class='ocrx_word' id='word_1_3' title='bbox 186 2109 385 2186; x_wconf 69' lang='lat' dir='ltr'><strong>nonunt}</strong></span> <span class='ocrx_word' id='word_1_4' title='bbox 400 2111 490 2186; x_wconf 81' lang='lat' dir='ltr'><strong>LIB·</strong></span> <span class='ocrx_word' id='word_1_5' title='bbox 508 2113 539 2182; x_wconf 88' lang='lat'><strong>1.</strong></span> <span class='ocrx_word' id='word_1_6' title='bbox 581 2108 1086 2202; x_wconf 73' lang='lat' dir='ltr'><strong>EPIS&#39;I&#39;OLAMQUAR&#39;I&#39;AM</strong></span> <span class='ocrx_word' id='word_1_7' title='bbox 1102 2107 1335 2184; x_wconf 73' lang='lat' dir='ltr'><strong>fluentant.</strong></span> 
     </span>
    </p>
   </div>
   <div class='ocr_carea' id='block_1_4' title="bbox 665 2389 870 2404">
    <p class='ocr_par' dir='ltr' id='par_1_4' title="bbox 665 2389 870 2404">
     <span class='ocr_line' id='line_1_4' title="bbox 665 2389 870 2404; baseline 0.005 -1"><span class='ocrx_word' id='word_1_8' title='bbox 665 2389 870 2404; x_wconf 71' lang='lat'><strong>-————.</strong></span> 
     </span>
    </p>
   </div>
   <div class='ocr_carea' id='block_1_5' title="bbox 186 2571 1340 2700">
    <p class='ocr_par' dir='ltr' id='par_1_5' title="bbox 186 2571 1340 2700">
     <span class='ocr_line' id='line_1_5' title="bbox 186 2571 1340 2700; baseline 0.001 -21"><span class='ocrx_word' id='word_1_9' title='bbox 186 2587 293 2679; x_wconf 84' lang='lat' dir='ltr'><strong>Haec</strong></span> <span class='ocrx_word' id='word_1_10' title='bbox 311 2617 443 2698; x_wconf 74' lang='lat' dir='ltr'><strong>Epistola</strong></span> <span class='ocrx_word' id='word_1_11' title='bbox 463 2617 501 2676; x_wconf 90' lang='lat' dir='ltr'><strong>ad</strong></span> <span class='ocrx_word' id='word_1_12' title='bbox 520 2617 551 2675; x_wconf 93' lang='lat' dir='ltr'><strong>id</strong></span> <span class='ocrx_word' id='word_1_13' title='bbox 572 2635 662 2694; x_wconf 77' lang='lat' dir='ltr'><strong>genus</strong></span> <span class='ocrx_word' id='word_1_14' title='bbox 687 2619 885 2700; x_wconf 83' lang='lat' dir='ltr'><strong>epistolarum,</strong></span> <span class='ocrx_word' id='word_1_15' title='bbox 913 2639 986 2698; x_wconf 90' lang='lat' dir='ltr'><strong>qnae</strong></span> <span class='ocrx_word' id='word_1_16' title='bbox 1006 2571 1204 2698; x_wconf 62' lang='lat' dir='ltr'><strong>argumentum</strong></span> <span class='ocrx_word' id='word_1_17' title='bbox 1224 2617 1340 2696; x_wconf 84' lang='lat' dir='ltr'><strong>habeut,</strong></span> 
     </span>
    </p>
   </div>
   <div class='ocr_carea' id='block_1_6' title="bbox 185 2721 1346 3920">
    <p class='ocr_par' dir='ltr' id='par_1_6' title="bbox 185 2721 1346 3920">
     <span class='ocr_line' id='line_1_6' title="bbox 186 2721 1341 2801; baseline -0.003 -15"><span class='ocrx_word' id='word_1_18' title='bbox 186 2725 343 2786; x_wconf 86' lang='lat' dir='ltr'><strong>referenda</strong></span> <span class='ocrx_word' id='word_1_19' title='bbox 368 2723 489 2782; x_wconf 86' lang='lat' dir='ltr'><strong>videtur.</strong></span> <span class='ocrx_word' id='word_1_20' title='bbox 528 2721 735 2801; x_wconf 85' lang='lat' dir='ltr'><strong>Perstringitur</strong></span> <span class='ocrx_word' id='word_1_21' title='bbox 761 2730 834 2786; x_wconf 88' lang='lat' dir='ltr'><strong>enim</strong></span> <span class='ocrx_word' id='word_1_22' title='bbox 859 2724 906 2784; x_wconf 83' lang='lat' dir='ltr'><strong>illa</strong></span> <span class='ocrx_word' id='word_1_23' title='bbox 931 2727 1034 2786; x_wconf 87' lang='lat' dir='ltr'><strong>mentis</strong></span> <span class='ocrx_word' id='word_1_24' title='bbox 1056 2727 1246 2785; x_wconf 78' lang='lat' dir='ltr'><strong>inconstantia</strong></span> <span class='ocrx_word' id='word_1_25' title='bbox 1271 2723 1341 2782; x_wconf 88' lang='lat' dir='ltr'><strong>levi-</strong></span> 
     </span>
     <span class='ocr_line' id='line_1_7' title="bbox 186 2823 1342 2905; baseline -0.003 -18"><span class='ocrx_word' id='word_1_26' title='bbox 186 2835 315 2905; x_wconf 76' lang='lat' dir='ltr'><strong>tasque,</strong></span> <span class='ocrx_word' id='word_1_27' title='bbox 336 2844 391 2902; x_wconf 89' lang='lat' dir='ltr'><strong>qna</strong></span> <span class='ocrx_word' id='word_1_28' title='bbox 408 2823 536 2884; x_wconf 87' lang='lat' dir='ltr'><strong>homines</strong></span> <span class='ocrx_word' id='word_1_29' title='bbox 554 2843 606 2882; x_wconf 83' lang='lat' dir='ltr'><strong>sua</strong></span> <span class='ocrx_word' id='word_1_30' title='bbox 627 2831 704 2884; x_wconf 84' lang='lat' dir='ltr'><strong>sorte</strong></span> <span class='ocrx_word' id='word_1_31' title='bbox 724 2847 783 2885; x_wconf 90' lang='lat' dir='ltr'><strong>uon</strong></span> <span class='ocrx_word' id='word_1_32' title='bbox 799 2828 924 2886; x_wconf 83' lang='lat' dir='ltr'><strong>contenti</strong></span> <span class='ocrx_word' id='word_1_33' title='bbox 941 2846 1003 2884; x_wconf 87' lang='lat' dir='ltr'><strong>earn</strong></span> <span class='ocrx_word' id='word_1_34' title='bbox 1018 2828 1079 2886; x_wconf 86' lang='lat' dir='ltr'><strong>sere</strong></span> <span class='ocrx_word' id='word_1_35' title='bbox 1099 2831 1249 2904; x_wconf 82' lang='lat' dir='ltr'><strong>exoptant,</strong></span> <span class='ocrx_word' id='word_1_36' title='bbox 1270 2843 1342 2902; x_wconf 84' lang='lat' dir='ltr'><strong>quae</strong></span> 
     </span>
     <span class='ocr_line' id='line_1_8' title="bbox 185 2921 1343 3005; baseline -0.006 -14"><span class='ocrx_word' id='word_1_37' title='bbox 185 2930 312 2990; x_wconf 80' lang='lat' dir='ltr'><strong>alterins</strong></span> <span class='ocrx_word' id='word_1_38' title='bbox 341 2930 394 2988; x_wconf 74' lang='lat' dir='ltr'><strong>ut.</strong></span> <span class='ocrx_word' id='word_1_39' title='bbox 443 2925 517 2985; x_wconf 80' lang='lat' dir='ltr'><strong>Hinc</strong></span> <span class='ocrx_word' id='word_1_40' title='bbox 544 2925 644 2984; x_wconf 82' lang='lat' dir='ltr'><strong>eadem</strong></span> <span class='ocrx_word' id='word_1_41' title='bbox 668 2926 716 2984; x_wconf 87' lang='lat' dir='ltr'><strong>illa</strong></span> <span class='ocrx_word' id='word_1_42' title='bbox 743 2928 885 2986; x_wconf 85' lang='lat' dir='ltr'><strong>sentiendi</strong></span> <span class='ocrx_word' id='word_1_43' title='bbox 909 2921 1082 3005; x_wconf 61' lang='lat' dir='ltr'><strong>§meusim</strong></span> <span class='ocrx_word' id='word_1_44' title='bbox 1109 2929 1138 2984; x_wconf 91' lang='lat' dir='ltr'><strong>in</strong></span> <span class='ocrx_word' id='word_1_45' title='bbox 1159 2925 1219 2982; x_wconf 84' lang='lat' dir='ltr'><strong>vita</strong></span> <span class='ocrx_word' id='word_1_46' title='bbox 1237 2927 1343 2984; x_wconf 87' lang='lat' dir='ltr'><strong>rustioa</strong></span> 
     </span>
     <span class='ocr_line' id='line_1_9' title="bbox 186 3023 1343 3106; baseline -0.003 -19"><span class='ocrx_word' id='word_1_47' title='bbox 186 3025 360 3106; x_wconf 81' lang='lat' dir='ltr'><strong>exoptanda</strong></span> <span class='ocrx_word' id='word_1_48' title='bbox 391 3029 421 3083; x_wconf 85' lang='lat' dir='ltr'><strong>et</strong></span> <span class='ocrx_word' id='word_1_49' title='bbox 449 3023 628 3104; x_wconf 81' lang='lat' dir='ltr'><strong>reprobanda</strong></span> <span class='ocrx_word' id='word_1_50' title='bbox 659 3027 801 3103; x_wconf 86' lang='lat' dir='ltr'><strong>cemitnr,</strong></span> <span class='ocrx_word' id='word_1_51' title='bbox 832 3031 925 3089; x_wconf 84' lang='lat' dir='ltr'><strong>itaut</strong></span> <span class='ocrx_word' id='word_1_52' title='bbox 948 3029 1045 3104; x_wconf 86' lang='lat' dir='ltr'><strong>quiin</strong></span> <span class='ocrx_word' id='word_1_53' title='bbox 1072 3023 1142 3084; x_wconf 89' lang='lat' dir='ltr'><strong>urbe</strong></span> <span class='ocrx_word' id='word_1_54' title='bbox 1169 3025 1268 3083; x_wconf 82' lang='lat' dir='ltr'><strong>vivrmt</strong></span> <span class='ocrx_word' id='word_1_55' title='bbox 1295 3043 1343 3084; x_wconf 85' lang='lat' dir='ltr'><strong>rus</strong></span> 
     </span>
     <span class='ocr_line' id='line_1_10' title="bbox 186 3125 1345 3212; baseline -0.003 -21"><span class='ocrx_word' id='word_1_56' title='bbox 186 3133 316 3212; x_wconf 81' lang='lat' dir='ltr'><strong>optent,</strong></span> <span class='ocrx_word' id='word_1_57' title='bbox 345 3127 393 3205; x_wconf 82' lang='lat' dir='ltr'><strong>qui</strong></span> <span class='ocrx_word' id='word_1_58' title='bbox 412 3127 470 3185; x_wconf 85' lang='lat' dir='ltr'><strong>ruri</strong></span> <span class='ocrx_word' id='word_1_59' title='bbox 490 3125 676 3203; x_wconf 70' lang='lat' dir='ltr'><strong>agniturus</strong></span> <span class='ocrx_word' id='word_1_60' title='bbox 699 3125 812 3186; x_wconf 79' lang='lat' dir='ltr'><strong>delicias</strong></span> <span class='ocrx_word' id='word_1_61' title='bbox 834 3129 1015 3206; x_wconf 83' lang='lat' dir='ltr'><strong>desiderent,</strong></span> <span class='ocrx_word' id='word_1_62' title='bbox 1047 3147 1103 3206; x_wconf 86' lang='lat' dir='ltr'><strong>qua</strong></span> <span class='ocrx_word' id='word_1_63' title='bbox 1127 3126 1241 3206; x_wconf 89' lang='lat' dir='ltr'><strong>quidem</strong></span> <span class='ocrx_word' id='word_1_64' title='bbox 1264 3129 1293 3187; x_wconf 92' lang='lat' dir='ltr'><strong>in</strong></span> <span class='ocrx_word' id='word_1_65' title='bbox 1313 3147 1345 3188; x_wconf 85' lang='lat' dir='ltr'><strong>re</strong></span> 
     </span>
     <span class='ocr_line' id='line_1_11' title="bbox 186 3207 1344 3310; baseline -0.002 -18"><span class='ocrx_word' id='word_1_66' title='bbox 186 3234 276 3292; x_wconf 88' lang='lat' dir='ltr'><strong>locus</strong></span> <span class='ocrx_word' id='word_1_67' title='bbox 296 3230 359 3309; x_wconf 85' lang='lat' dir='ltr'><strong>ipse</strong></span> <span class='ocrx_word' id='word_1_68' title='bbox 380 3249 438 3287; x_wconf 92' lang='lat' dir='ltr'><strong>non</strong></span> <span class='ocrx_word' id='word_1_69' title='bbox 455 3229 485 3287; x_wconf 92' lang='lat' dir='ltr'><strong>iu</strong></span> <span class='ocrx_word' id='word_1_70' title='bbox 507 3227 606 3308; x_wconf 84' lang='lat' dir='ltr'><strong>culpa,</strong></span> <span class='ocrx_word' id='word_1_71' title='bbox 637 3231 689 3288; x_wconf 89' lang='lat' dir='ltr'><strong>sed</strong></span> <span class='ocrx_word' id='word_1_72' title='bbox 710 3207 817 3288; x_wconf 76' lang='lat' dir='ltr'><strong>animus</strong></span> <span class='ocrx_word' id='word_1_73' title='bbox 834 3231 906 3291; x_wconf 88' lang='lat' dir='ltr'><strong>maie</strong></span> <span class='ocrx_word' id='word_1_74' title='bbox 927 3229 1047 3290; x_wconf 82' lang='lat' dir='ltr'><strong>affectus</strong></span> <span class='ocrx_word' id='word_1_75' title='bbox 1066 3234 1127 3303; x_wconf 87' lang='lat' dir='ltr'><strong>est;</strong></span> <span class='ocrx_word' id='word_1_76' title='bbox 1156 3229 1239 3306; x_wconf 88' lang='lat' dir='ltr'><strong>qnid,</strong></span> <span class='ocrx_word' id='word_1_77' title='bbox 1268 3232 1344 3310; x_wconf 92' lang='lat' dir='ltr'><strong>quod</strong></span> 
     </span>
     <span class='ocr_line' id='line_1_12' title="bbox 188 3331 1346 3412; baseline -0.001 -17"><span class='ocrx_word' id='word_1_78' title='bbox 188 3355 227 3396; x_wconf 90' lang='lat' dir='ltr'><strong>eo</strong></span> <span class='ocrx_word' id='word_1_79' title='bbox 246 3331 402 3392; x_wconf 80' lang='lat' dir='ltr'><strong>vecordiae</strong></span> <span class='ocrx_word' id='word_1_80' title='bbox 416 3333 638 3412; x_wconf 79' lang='lat' dir='ltr'><strong>progrediuntur</strong></span> <span class='ocrx_word' id='word_1_81' title='bbox 652 3331 795 3410; x_wconf 87' lang='lat' dir='ltr'><strong>homines,</strong></span> <span class='ocrx_word' id='word_1_82' title='bbox 813 3339 846 3394; x_wconf 91' lang='lat' dir='ltr'><strong>ut</strong></span> <span class='ocrx_word' id='word_1_83' title='bbox 862 3333 960 3394; x_wconf 87' lang='lat' dir='ltr'><strong>eadem</strong></span> <span class='ocrx_word' id='word_1_84' title='bbox 974 3351 1087 3411; x_wconf 72' lang='lat' dir='ltr'><strong>semper</strong></span> <span class='ocrx_word' id='word_1_85' title='bbox 1099 3331 1223 3412; x_wconf 84' lang='lat' dir='ltr'><strong>probare</strong></span> <span class='ocrx_word' id='word_1_86' title='bbox 1237 3352 1346 3411; x_wconf 85' lang='lat' dir='ltr'><strong>neque·</strong></span> 
     </span>
     <span class='ocr_line' id='line_1_13' title="bbox 187 3433 1344 3515; baseline -0.002 -19"><span class='ocrx_word' id='word_1_87' title='bbox 187 3443 262 3512; x_wconf 87' lang='lat' dir='ltr'><strong>aut,</strong></span> <span class='ocrx_word' id='word_1_88' title='bbox 286 3433 340 3493; x_wconf 81' lang='lat' dir='ltr'><strong>sed</strong></span> <span class='ocrx_word' id='word_1_89' title='bbox 361 3453 426 3508; x_wconf 84' lang='lat' dir='ltr'><strong>rus,</strong></span> <span class='ocrx_word' id='word_1_90' title='bbox 445 3437 523 3512; x_wconf 88' lang='lat' dir='ltr'><strong>quod</strong></span> <span class='ocrx_word' id='word_1_91' title='bbox 544 3435 646 3515; x_wconf 85' lang='lat' dir='ltr'><strong>cupide</strong></span> <span class='ocrx_word' id='word_1_92' title='bbox 664 3438 822 3512; x_wconf 85' lang='lat' dir='ltr'><strong>petierunt,</strong></span> <span class='ocrx_word' id='word_1_93' title='bbox 842 3455 909 3496; x_wconf 83' lang='lat' dir='ltr'><strong>mox</strong></span> <span class='ocrx_word' id='word_1_94' title='bbox 927 3436 1052 3514; x_wconf 83' lang='lat' dir='ltr'><strong>pertaesi</strong></span> <span class='ocrx_word' id='word_1_95' title='bbox 1069 3434 1216 3500; x_wconf 76' lang='lat' dir='ltr'><strong>fastidiant</strong></span> <span class='ocrx_word' id='word_1_96' title='bbox 1236 3434 1344 3494; x_wconf 84' lang='lat' dir='ltr'><strong>urbano</strong></span> 
     </span>
     <span class='ocr_line' id='line_1_14' title="bbox 186 3534 1345 3616; baseline -0.003 -20"><span class='ocrx_word' id='word_1_97' title='bbox 186 3541 355 3615; x_wconf 74' lang='lat' dir='ltr'><strong>flagrantes</strong></span> <span class='ocrx_word' id='word_1_98' title='bbox 380 3535 531 3596; x_wconf 83' lang='lat' dir='ltr'><strong>desiderio.</strong></span> <span class='ocrx_word' id='word_1_99' title='bbox 574 3537 741 3614; x_wconf 74' lang='lat' dir='ltr'><strong>Quanquam</strong></span> <span class='ocrx_word' id='word_1_100' title='bbox 761 3537 828 3596; x_wconf 83' lang='lat' dir='ltr'><strong>nihil</strong></span> <span class='ocrx_word' id='word_1_101' title='bbox 845 3539 986 3616; x_wconf 80' lang='lat' dir='ltr'><strong>antiquius</strong></span> <span class='ocrx_word' id='word_1_102' title='bbox 1007 3543 1053 3596; x_wconf 85' lang='lat' dir='ltr'><strong>est</strong></span> <span class='ocrx_word' id='word_1_103' title='bbox 1074 3544 1104 3596; x_wconf 86' lang='lat' dir='ltr'><strong>et</strong></span> <span class='ocrx_word' id='word_1_104' title='bbox 1122 3534 1237 3612; x_wconf 82' lang='lat' dir='ltr'><strong>meiius,</strong></span> <span class='ocrx_word' id='word_1_105' title='bbox 1260 3553 1345 3614; x_wconf 80' lang='lat' dir='ltr'><strong>quam</strong></span> 
     </span>
     <span class='ocr_line' id='line_1_15' title="bbox 189 3635 1345 3719; baseline -0.003 -20"><span class='ocrx_word' id='word_1_106' title='bbox 189 3639 250 3699; x_wconf 82' lang='lat' dir='ltr'><strong>sibi</strong></span> <span class='ocrx_word' id='word_1_107' title='bbox 269 3643 404 3697; x_wconf 82' lang='lat' dir='ltr'><strong>constare</strong></span> <span class='ocrx_word' id='word_1_108' title='bbox 425 3644 455 3697; x_wconf 87' lang='lat' dir='ltr'><strong>et</strong></span> <span class='ocrx_word' id='word_1_109' title='bbox 476 3655 511 3698; x_wconf 83' lang='lat' dir='ltr'><strong>ea</strong></span> <span class='ocrx_word' id='word_1_110' title='bbox 531 3644 609 3697; x_wconf 86' lang='lat' dir='ltr'><strong>sorte</strong></span> <span class='ocrx_word' id='word_1_111' title='bbox 631 3655 695 3696; x_wconf 82' lang='lat' dir='ltr'><strong>esse</strong></span> <span class='ocrx_word' id='word_1_112' title='bbox 717 3645 896 3719; x_wconf 85' lang='lat' dir='ltr'><strong>contentum,</strong></span> <span class='ocrx_word' id='word_1_113' title='bbox 914 3657 1001 3718; x_wconf 88' lang='lat' dir='ltr'><strong>quam</strong></span> <span class='ocrx_word' id='word_1_114' title='bbox 1019 3638 1103 3698; x_wconf 87' lang='lat' dir='ltr'><strong>nobis</strong></span> <span class='ocrx_word' id='word_1_115' title='bbox 1121 3635 1223 3697; x_wconf 80' lang='lat' dir='ltr'><strong>obtuit</strong></span> <span class='ocrx_word' id='word_1_116' title='bbox 1239 3640 1345 3717; x_wconf 86' lang='lat' dir='ltr'><strong>optima</strong></span> 
     </span>
     <span class='ocr_line' id='line_1_16' title="bbox 189 3729 1318 3802; baseline -0.005 -2"><span class='ocrx_word' id='word_1_117' title='bbox 189 3759 294 3802; x_wconf 84' lang='lat' dir='ltr'><strong>rerum</strong></span> <span class='ocrx_word' id='word_1_118' title='bbox 314 3744 423 3798; x_wconf 67' lang='lat' dir='ltr'><strong>ndum.</strong></span> <span class='ocrx_word' id='word_1_119' title='bbox 517 3729 523 3738; x_wconf 88' lang='lat'>&#39;</span> <span class='ocrx_word' id='word_1_120' title='bbox 1312 3730 1318 3740; x_wconf 85' lang='lat'>&#39;</span> 
     </span>
     <span class='ocr_line' id='line_1_17' title="bbox 283 3835 1345 3920; baseline -0.001 -19"><span class='ocrx_word' id='word_1_121' title='bbox 283 3837 366 3901; x_wconf 85' lang='lat' dir='ltr'><strong>Haeo</strong></span> <span class='ocrx_word' id='word_1_122' title='bbox 387 3839 448 3902; x_wconf 82' lang='lat' dir='ltr'><strong>sere</strong></span> <span class='ocrx_word' id='word_1_123' title='bbox 469 3835 574 3920; x_wconf 85' lang='lat' dir='ltr'><strong>sunt*)</strong></span> <span class='ocrx_word' id='word_1_124' title='bbox 594 3859 667 3919; x_wconf 87' lang='lat' dir='ltr'><strong>quae</strong></span> <span class='ocrx_word' id='word_1_125' title='bbox 687 3839 892 3902; x_wconf 86' lang='lat' dir='ltr'><strong>urbanissimus</strong></span> <span class='ocrx_word' id='word_1_126' title='bbox 905 3839 996 3901; x_wconf 83' lang='lat' dir='ltr'><strong>Poeta</strong></span> <span class='ocrx_word' id='word_1_127' title='bbox 1010 3843 1172 3920; x_wconf 79' lang='lat' dir='ltr'><strong>generatim</strong></span> <span class='ocrx_word' id='word_1_128' title='bbox 1187 3839 1256 3900; x_wconf 83' lang='lat' dir='ltr'><strong>aiias</strong></span> <span class='ocrx_word' id='word_1_129' title='bbox 1272 3859 1345 3918; x_wconf 91' lang='lat' dir='ltr'><strong>qno·</strong></span> 
     </span>
    </p>
   </div>
   <div class='ocr_carea' id='block_1_7' title="bbox 190 4061 1351 4738">
    <p class='ocr_par' dir='ltr' id='par_1_7' title="bbox 190 4061 1351 4738">
     <span class='ocr_line' id='line_1_18' title="bbox 288 4061 1346 4138; baseline -0.002 -20"><span class='ocrx_word' id='word_1_130' title='bbox 288 4061 318 4133; x_wconf 80' lang='lat'><strong>*)</strong></span> <span class='ocrx_word' id='word_1_131' title='bbox 331 4063 416 4118; x_wconf 77' lang='lat' dir='ltr'><strong>Aliter</strong></span> <span class='ocrx_word' id='word_1_132' title='bbox 425 4061 546 4122; x_wconf 62' lang='lat' dir='ltr'><strong>Natam</strong></span> <span class='ocrx_word' id='word_1_133' title='bbox 554 4067 597 4138; x_wconf 83' lang='lat' dir='ltr'><strong>(p.</strong></span> <span class='ocrx_word' id='word_1_134' title='bbox 608 4061 690 4134; x_wconf 57' lang='lat' dir='ltr'><strong>twa</strong></span> <span class='ocrx_word' id='word_1_135' title='bbox 706 4064 778 4134; x_wconf 83' lang='lat' dir='ltr'><strong>„Die</strong></span> <span class='ocrx_word' id='word_1_136' title='bbox 789 4064 847 4120; x_wconf 82' lang='lat' dir='ltr'><strong>dem</strong></span> <span class='ocrx_word' id='word_1_137' title='bbox 858 4068 970 4121; x_wconf 77' lang='lat' dir='ltr'><strong>Ganaeu</strong></span> <span class='ocrx_word' id='word_1_138' title='bbox 982 4081 1016 4120; x_wconf 78' lang='lat' dir='ltr'><strong>an</strong></span> <span class='ocrx_word' id='word_1_139' title='bbox 1025 4067 1136 4120; x_wconf 82' lang='lat' dir='ltr'><strong>Grande</strong></span> <span class='ocrx_word' id='word_1_140' title='bbox 1149 4063 1272 4135; x_wconf 80' lang='lat' dir='ltr'><strong>liegendo</strong></span> <span class='ocrx_word' id='word_1_141' title='bbox 1282 4063 1346 4118; x_wconf 81' lang='lat' dir='ltr'><strong>Idae</strong></span> 
     </span>
     <span class='ocr_line' id='line_1_19' title="bbox 190 4147 1346 4220; baseline -0.005 -14"><span class='ocrx_word' id='word_1_142' title='bbox 190 4153 239 4206; x_wconf 73' lang='lat' dir='ltr'><strong>itt</strong></span> <span class='ocrx_word' id='word_1_143' title='bbox 250 4147 336 4203; x_wconf 65' lang='lat' dir='ltr'><strong>uano</strong></span> <span class='ocrx_word' id='word_1_144' title='bbox 349 4150 462 4220; x_wconf 70' lang='lat' dir='ltr'><strong>andero,</strong></span> <span class='ocrx_word' id='word_1_145' title='bbox 484 4153 525 4205; x_wconf 81' lang='lat' dir='ltr'><strong>aia</strong></span> <span class='ocrx_word' id='word_1_146' title='bbox 539 4153 601 4206; x_wconf 78' lang='lat' dir='ltr'><strong>dass</strong></span> <span class='ocrx_word' id='word_1_147' title='bbox 615 4153 666 4205; x_wconf 80' lang='lat' dir='ltr'><strong>das</strong></span> <span class='ocrx_word' id='word_1_148' title='bbox 677 4151 752 4204; x_wconf 79' lang='lat' dir='ltr'><strong>Laud</strong></span> <span class='ocrx_word' id='word_1_149' title='bbox 768 4151 848 4206; x_wconf 83' lang='lat' dir='ltr'><strong>allelu</strong></span> <span class='ocrx_word' id='word_1_150' title='bbox 861 4152 904 4206; x_wconf 83' lang='lat' dir='ltr'><strong>die</strong></span> <span class='ocrx_word' id='word_1_151' title='bbox 919 4153 976 4206; x_wconf 84' lang='lat' dir='ltr'><strong>dem</strong></span> <span class='ocrx_word' id='word_1_152' title='bbox 990 4152 1065 4206; x_wconf 74' lang='lat' dir='ltr'><strong>Alter</strong></span> <span class='ocrx_word' id='word_1_153' title='bbox 1080 4151 1188 4220; x_wconf 77' lang='lat' dir='ltr'><strong>nithigo</strong></span> <span class='ocrx_word' id='word_1_154' title='bbox 1202 4149 1278 4204; x_wconf 82' lang='lat' dir='ltr'><strong>Ruho</strong></span> <span class='ocrx_word' id='word_1_155' title='bbox 1292 4147 1346 4200; x_wconf 89' lang='lat' dir='ltr'><strong>und</strong></span> 
     </span>
     <span class='ocr_line' id='line_1_20' title="bbox 192 4232 1348 4309; baseline -0.005 -17"><span class='ocrx_word' id='word_1_156' title='bbox 192 4239 252 4292; x_wconf 73' lang='lat' dir='ltr'><strong>du</strong></span> <span class='ocrx_word' id='word_1_157' title='bbox 268 4233 363 4290; x_wconf 70' lang='lat' dir='ltr'><strong>stitia}</strong></span> <span class='ocrx_word' id='word_1_158' title='bbox 376 4235 494 4290; x_wconf 74' lang='lat' dir='ltr'><strong>Friedeu</strong></span> <span class='ocrx_word' id='word_1_159' title='bbox 506 4237 646 4307; x_wconf 55' lang='lat' dir='ltr'><strong>gandium</strong></span> <span class='ocrx_word' id='word_1_160' title='bbox 666 4253 716 4290; x_wconf 85' lang='lat' dir='ltr'><strong>aar</strong></span> <span class='ocrx_word' id='word_1_161' title='bbox 728 4237 756 4290; x_wconf 87' lang='lat' dir='ltr'><strong>in</strong></span> <span class='ocrx_word' id='word_1_162' title='bbox 772 4237 820 4289; x_wconf 84' lang='lat' dir='ltr'><strong>dor</strong></span> <span class='ocrx_word' id='word_1_163' title='bbox 833 4255 920 4309; x_wconf 82' lang='lat' dir='ltr'><strong>engen</strong></span> <span class='ocrx_word' id='word_1_164' title='bbox 933 4237 1085 4306; x_wconf 78' lang='lat' dir='ltr'><strong>Boniehnng</strong></span> <span class='ocrx_word' id='word_1_165' title='bbox 1103 4237 1151 4291; x_wconf 86' lang='lat' dir='ltr'><strong>auf</strong></span> <span class='ocrx_word' id='word_1_166' title='bbox 1161 4236 1207 4288; x_wconf 82' lang='lat' dir='ltr'><strong>das</strong></span> <span class='ocrx_word' id='word_1_167' title='bbox 1222 4232 1348 4286; x_wconf 74' lang='lat' dir='ltr'><strong>Verhilt-</strong></span> 
     </span>
     <span class='ocr_line' id='line_1_21' title="bbox 192 4317 1347 4377; baseline -0.004 0"><span class='ocrx_word' id='word_1_168' title='bbox 192 4323 257 4377; x_wconf 75' lang='lat' dir='ltr'><strong>uiu</strong></span> <span class='ocrx_word' id='word_1_169' title='bbox 274 4321 326 4376; x_wconf 86' lang='lat' dir='ltr'><strong>des</strong></span> <span class='ocrx_word' id='word_1_170' title='bbox 339 4319 430 4373; x_wconf 72' lang='lat' dir='ltr'><strong>norm</strong></span> <span class='ocrx_word' id='word_1_171' title='bbox 444 4323 528 4377; x_wconf 75' lang='lat' dir='ltr'><strong>selbot</strong></span> <span class='ocrx_word' id='word_1_172' title='bbox 548 4321 634 4376; x_wconf 77' lang='lat' dir='ltr'><strong>findet</strong></span> <span class='ocrx_word' id='word_1_173' title='bbox 646 4323 694 4376; x_wconf 78' lang='lat' dir='ltr'><strong>des</strong></span> <span class='ocrx_word' id='word_1_174' title='bbox 708 4320 827 4376; x_wconf 82' lang='lat' dir='ltr'><strong>Godicht</strong></span> <span class='ocrx_word' id='word_1_175' title='bbox 842 4324 916 4377; x_wconf 81' lang='lat' dir='ltr'><strong>seius</strong></span> <span class='ocrx_word' id='word_1_176' title='bbox 929 4323 1074 4377; x_wconf 56' lang='lat' dir='ltr'><strong>Eiuueitst‘</strong></span> <span class='ocrx_word' id='word_1_177' title='bbox 1111 4318 1287 4377; x_wconf 70' lang='lat' dir='ltr'><strong>Mediastinus</strong></span> <span class='ocrx_word' id='word_1_178' title='bbox 1299 4317 1347 4372; x_wconf 81' lang='lat' dir='ltr'><strong>ille</strong></span> 
     </span>
     <span class='ocr_line' id='line_1_22' title="bbox 194 4401 1348 4480; baseline -0.003 -18"><span class='ocrx_word' id='word_1_179' title='bbox 194 4423 260 4462; x_wconf 74' lang='lat' dir='ltr'><strong>nea</strong></span> <span class='ocrx_word' id='word_1_180' title='bbox 276 4407 385 4480; x_wconf 73' lang='lat' dir='ltr'><strong>quidm</strong></span> <span class='ocrx_word' id='word_1_181' title='bbox 399 4407 532 4462; x_wconf 80' lang='lat' dir='ltr'><strong>santoutia</strong></span> <span class='ocrx_word' id='word_1_182' title='bbox 545 4409 614 4463; x_wconf 75' lang='lat' dir='ltr'><strong>altar</strong></span> <span class='ocrx_word' id='word_1_183' title='bbox 626 4407 737 4478; x_wconf 78' lang='lat' dir='ltr'><strong>Alphius</strong></span> <span class='ocrx_word' id='word_1_184' title='bbox 752 4415 795 4462; x_wconf 84' lang='lat' dir='ltr'><strong>ost</strong></span> <span class='ocrx_word' id='word_1_185' title='bbox 808 4407 910 4480; x_wconf 75' lang='lat' dir='ltr'><strong>(upon.</strong></span> <span class='ocrx_word' id='word_1_186' title='bbox 922 4410 975 4477; x_wconf 85' lang='grc'><strong>2.),</strong></span> <span class='ocrx_word' id='word_1_187' title='bbox 998 4408 1044 4479; x_wconf 87' lang='lat' dir='ltr'><strong>qui</strong></span> <span class='ocrx_word' id='word_1_188' title='bbox 1057 4411 1085 4460; x_wconf 79' lang='lat' dir='ltr'><strong>et</strong></span> <span class='ocrx_word' id='word_1_189' title='bbox 1098 4407 1158 4477; x_wconf 84' lang='lat' dir='ltr'><strong>ipse</strong></span> <span class='ocrx_word' id='word_1_190' title='bbox 1173 4401 1253 4456; x_wconf 81' lang='lat' dir='ltr'><strong>vitam</strong></span> <span class='ocrx_word' id='word_1_191' title='bbox 1267 4404 1348 4458; x_wconf 80' lang='lat' dir='ltr'><strong>rasti·</strong></span> 
     </span>
     <span class='ocr_line' id='line_1_23' title="bbox 194 4487 1349 4565; baseline -0.004 -16"><span class='ocrx_word' id='word_1_192' title='bbox 194 4511 276 4562; x_wconf 74' lang='lat' dir='ltr'><strong>ou,</strong></span> <span class='ocrx_word' id='word_1_193' title='bbox 301 4491 375 4562; x_wconf 70' lang='lat' dir='ltr'><strong>onius</strong></span> <span class='ocrx_word' id='word_1_194' title='bbox 389 4491 593 4548; x_wconf 73' lang='lat' dir='ltr'><strong>amoenitatibus</strong></span> <span class='ocrx_word' id='word_1_195' title='bbox 604 4492 870 4565; x_wconf 74' lang='lat' dir='ltr'><strong>jucunditatibnsqne</strong></span> <span class='ocrx_word' id='word_1_196' title='bbox 886 4492 1048 4564; x_wconf 82' lang='lat' dir='ltr'><strong>aliquantam</strong></span> <span class='ocrx_word' id='word_1_197' title='bbox 1060 4487 1186 4560; x_wconf 82' lang='lat' dir='ltr'><strong>temporis</strong></span> <span class='ocrx_word' id='word_1_198' title='bbox 1200 4489 1349 4544; x_wconf 81' lang='lat' dir='ltr'><strong>delectatus</strong></span> 
     </span>
     <span class='ocr_line' id='line_1_24' title="bbox 196 4575 1351 4738; baseline -0.001 -105"><span class='ocrx_word' id='word_1_199' title='bbox 196 4584 284 4648; x_wconf 79' lang='lat' dir='ltr'><strong>arat,</strong></span> <span class='ocrx_word' id='word_1_200' title='bbox 308 4577 343 4632; x_wconf 77' lang='lat' dir='ltr'><strong>ad</strong></span> <span class='ocrx_word' id='word_1_201' title='bbox 358 4594 432 4634; x_wconf 79' lang='lat' dir='ltr'><strong>suam</strong></span> <span class='ocrx_word' id='word_1_202' title='bbox 444 4583 564 4634; x_wconf 72' lang='lat' dir='ltr'><strong>notum</strong></span> <span class='ocrx_word' id='word_1_203' title='bbox 579 4595 703 4635; x_wconf 75' lang='lat' dir='ltr'><strong>ravenna</strong></span> <span class='ocrx_word' id='word_1_204' title='bbox 715 4577 836 4650; x_wconf 84' lang='lat' dir='ltr'><strong>reliquit.</strong></span> <span class='ocrx_word' id='word_1_205' title='bbox 866 4575 1047 4719; x_wconf 59' lang='lat' dir='ltr'><strong>Pomlffldd</strong></span> <span class='ocrx_word' id='word_1_206' title='bbox 1068 4575 1183 4738; x_wconf 60' lang='lat' dir='ltr'><strong>testi320</strong></span> <span class='ocrx_word' id='word_1_207' title='bbox 1201 4575 1351 4632; x_wconf 70' lang='lat' dir='ltr'><strong>diuimala·</strong></span> 
     </span>
    </p>

    <p class='ocr_par' dir='ltr' id='par_1_8' title="bbox 980 4654 1133 4737">
     <span class='ocr_line' id='line_1_25' title="bbox 980 4654 1133 4737; baseline 0.026 -19"><span class='ocrx_word' id='word_1_208' title='bbox 980 4654 1001 4718; x_wconf 81' lang='lat' dir='ltr'><strong>a</strong></span> <span class='ocrx_word' id='word_1_209' title='bbox 1071 4656 1133 4737; x_wconf 73' lang='grc'><strong>(3*</strong></span> 
     </span>
    </p>
   </div>
   <div class='ocr_carea' id='block_1_8' title="bbox 0 0 1714 5328">
    <p class='ocr_par' dir='ltr' id='par_1_9' title="bbox 0 0 1714 5328">
     <span class='ocr_line' id='line_1_26' title="bbox 0 0 1714 5328; baseline 0 0"><span class='ocrx_word' id='word_1_210' title='bbox 0 0 1714 5328; x_wconf 95' lang='lat' dir='ltr'><strong> </strong></span> 
     </span>
    </p>
   </div>
  </div>
 </body>
</html>
