3372 5328
357 491 420 559 246
463 495 673 558 conmuni.
687 495 728 558 IN
743 493 1415 570 uou.Lffl.1.urlsT.QU1NT.nucm.
1458 499 1499 565 80

354 685 472 744 Amiiro
499 683 629 760 medina,
658 684 705 760 qui
724 702 787 743 eum
807 684 882 743 adeo
902 683 1000 744 calidis
1020 684 1153 761 curabat,
1180 691 1212 743 ut
1233 691 1342 746 tectum
1366 685 1499 745 cubiculis

357 788 417 865 ejus
438 785 587 844 velleribus
608 785 744 861 muniret,
763 785 808 844 bio
826 794 928 866 posteo
945 788 974 846 in
988 787 1158 845 coutrnriurn
1172 789 1262 847 versis
1277 787 1423 864 omnibus,
1441 805 1499 846 nun

356 887 447 946 solnm
461 885 671 966 perfusionibus
685 887 813 965 frigidis,
832 889 884 948 sed
896 891 980 948 etism
993 890 1194 967 gorgudsmir,
1213 889 1380 948 Cioerninse
1396 907 1498 966 aquae,

354 1007 428 1068 quae
452 994 498 1046 est
517 987 629 1048 Arenae
649 990 678 1048 In
699 990 785 1050 domo
810 991 957 1069 Caesaris,
988 997 1018 1051 et
1037 991 1201 1070 potionibus
1218 1009 1287 1052 usus
1316 997 1377 1067 est,
1406 991 1448 1049 itu
1469 995 1500 1050 st

355 1095 431 1151 iutro
450 1091 537 1150 breve
556 1095 669 1171 tenpus
689 1111 755 1152 euru
776 1098 901 1164 παταγεῖς
921 1091 958 1151 ob
978 1109 1063 1170 qunrn
1084 1109 1196 1152 osusnn
1211 1091 1247 1151 ub
1261 1095 1392 1169 Angusto
1409 1111 1501 1170 usqne

354 1197 391 1254 od
413 1193 573 1252 sestertium
594 1195 824 1272 quadringenties
843 1213 878 1254 er
899 1195 1146 1256 senatrrsoonruito
1166 1194 1286 1273 socepIt
1328 1195 1383 1254 iiio
1403 1201 1499 1255 uutsrn

354 1296 439 1355 Musa
460 1293 580 1353 Horatio
600 1297 701 1374 jussit,
733 1281 764 1357 ut
789 1297 901 1355 iuwcro
922 1298 1026 1375 frigido
1053 1305 1180 1359 uteretur
1206 1305 1326 1378 proptor
1353 1297 1499 1356 oosiorurn

356 1397 518 1460 doiorum.“
552 1397 711 1475 Augustum
732 1399 836 1478 frigida
857 1405 984 1458 onrnturn
1000 1405 1142 1460 testantur
1162 1401 1243 1460 Suet.
1262 1399 1336 1477 Aug.
1357 1399 1409 1462 81.
1432 1397 1496 1460 onii.
1524 1397 1528 1406 '

356 1499 405 1564 59.
426 1496 498 1560 Piin.
519 1499 557 1560 Η.
578 1499 617 1559 Ν.
640 1498 699 1572 29,
722 1501 750 1562 1.
770 1501 833 1560 ooli.
858 1503 915 1574 19,
937 1501 966 1562 8.
990 1499 1050 1579 25,
1072 1505 1102 1564 7.
1124 1501 1181 1562 Dio
1204 1503 1289 1564 Cass.
1308 1501 1367 1578 08,
1392 1503 1434 1566 80
1454 1519 1500 1579 sq.

355 1611 385 1663 et
404 1621 421 1662 o
438 1602 614 1662 nostratibus
628 1603 710 1661 Rosa
726 1602 756 1661 in
772 1601 851 1662 Diss.
872 1603 908 1662 de
920 1601 1050 1679 Augusto
1070 1604 1212 1662 contraria
1229 1603 1370 1664 medicina
1389 1607 1499 1666 custo.

354 1705 444 1765 Hniue
464 1707 557 1768 1770.
573 1705 636 1764 coll.
654 1703 823 1783 Sprmgelii
835 1705 1029 1780 „Geschiobte
1051 1705 1102 1763 der
1116 1703 1337 1765 modiano&
1359 1703 1396 1764 II.
1413 1723 1441 1782 p.
1456 1703 1497 1769 82

354 1827 419 1887 sqq.
444 1815 475 1868 et
500 1825 573 1884 quoe
599 1807 683 1867 offert
708 1807 744 1866 de
770 1805 906 1864 Antonio
931 1807 1026 1864 Maso
1052 1807 1213 1866 testimonia
1244 1803 1445 1884 Sobiilirsgius
1468 1807 1499 1863 in

354 1911 474 1980 Quaeri.
496 1909 532 1969 de
554 1909 668 1967 CorneI.
698 1909 774 1968 Coisi
794 1911 861 1971 rito.
883 1907 966 1988 Lips.
992 1909 1083 1973 1824.
1103 1928 1133 1986 p·
1162 1907 1201 1971 51
1226 1925 1290 1986 sqq.
1314 1907 1380 1966 coii.
1403 1907 1499 1968 nuo,

354 2013 391 2072 ud
404 2010 519 2071 Antinoi.
539 2009 589 2071 lat.
608 2011 629 2068 1.
648 2032 678 2090 p.
696 2011 770 2074 303.
791 2011 891 2089 Heyn.
912 2015 949 2071 ud
963 2011 1041 2090 Virg.
1061 2007 1155 2068 Caini.
1173 2007 1249 2073 XIII.
1268 2008 1373 2087 Pauly
1386 2009 1498 2086 „Rosi-

354 2114 522 2192 encyciop.“
549 2113 571 2173 I.
600 2133 630 2192 p.
650 2114 722 2176 573.
751 2118 781 2171 et
808 2131 891 2190 quem
918 2113 955 2171 de
977 2113 1075 2171 Musae
1102 2112 1227 2190 reliquiis
1252 2110 1381 2172 roiIontis
1403 2111 1499 2170 isndst

354 2215 478 2276 Oruiiius
503 2215 551 2296 Fi.
569 2215 708 2272 Calcianr'.
730 2215 851 2273 ansoni
870 2215 963 2281 1800.
985 2217 1015 2278 8.
1034 2214 1080 2273 Ad
1099 2215 1188 2273 verbs
1209 2233 1233 2273 r.
1257 2215 1286 2278 2.
1309 2213 1385 2271 milri
1398 2211 1499 2288 Bajas

354 2317 513 2396 neg-iorisse
535 2318 666 2379 ridentur
686 2317 856 2395 interpretes
878 2316 932 2375 hos
948 2315 1041 2376 iooos:
1073 2316 1191 2396 ioseph.
1212 2317 1310 2393 Antiq.
1335 2315 1363 2374 J.
1386 2316 1445 2392 18,
1465 2316 1497 2388 7,

355 2425 385 2487 2.
405 2419 555 2500 (oberth.)
573 2411 682 2499 λουτρά
701 2439 732 2480 τε
750 2415 906 2498 παρέχεται
928 2413 961 2480 τὸ
979 2419 1091 2501 moino
1111 2415 1211 2501 θερμὰ
1231 2421 1330 2501 γῆθεν
1347 2409 1498 2499 sitiant«

354 2521 489 2602 riviovru,
511 2517 613 2606 α’γαθᾶ
628 2518 678 2582 ἐπί
698 2541 730 2581 τε
752 2514 831 2583 ἰάσει
845 2526 907 2594 τοῖς
925 2521 1088 2602 χρωμένοις
1108 2519 1160 2583 καὶ
1177 2515 1274 2594 ἄλλως
1291 2523 1334 2606 τῷ
1352 2512 1497 2604 ἀνειμένῳ

353 2632 409 2708 τῆς
430 2627 545 2706 διαίτης
561 2621 760 2706 συμφέροντα.
801 2623 902 2685 Sidon.
921 2622 1043 2702 Aponio.
1056 2623 1149 2702 Epist.
1164 2621 1203 2700 5,
1221 2621 1252 2685 4.
1274 2622 1413 2680 Caicum
1430 2621 1499 2695 [Cs-

352 2747 464 2806 1enses,
483 2725 654 2788 Colontosi!
678 2725 728 2787 cir.
748 2725 838 2801 Heyn.
853 2725 931 2788 obss.
952 2727 990 2784 ad
1009 2723 1077 2788 Tib.
1098 2725 1135 2804 8,
1157 2726 1193 2802 5,
1215 2725 1257 2803 8.]
1280 2744 1360 2782 nomo
1381 2735 1411 2782 to
1431 2725 1497 2782 Ba·

345 2839 448 2911 jassi
468 2829 581 2891 scabris
601 2829 784 2886 cavernatim
805 2835 924 2884 ructata
942 2825 1115 2905 pumicibuo
1134 2845 1218 2905 aqua
1238 2825 1392 2904 sulphuris
1408 2838 1497 2906 atque

345 2937 490 3014 jecorosis
516 2953 554 2991 ao
576 2929 820 3010 plaisiooentibuo
845 2929 1000 3008 languidis
1023 2927 1208 2988 medicabilis
1227 2929 1349 3005 piscina
1372 2929 1497 3006 dolectat

354 3047 409 3104 etc.
443 3036 574 3096 Cassiod.
594 3033 661 3093 Vur.
683 3033 722 3110 9,
744 3035 774 3097 6.
795 3032 945 3091 Fomaoes
967 3031 1031 3090 iliis
1051 3029 1190 3111 (bajonis)
1212 3047 1273 3088 non
1292 3029 1400 3089 robora
1427 3050 1496 3089 oon—

354 3152 440 3200 voota
460 3133 644 3198 succendant
654 3178 666 3207 ,
688 3143 821 3192 cessante
832 3135 967 3212 flamma
989 3133 1033 3192 ibi
1048 3143 1210 3213 perpetuus
1230 3131 1315 3192 oaior
1334 3143 1492 3212 operatur:

355 3241 404 3301 dli
416 3239 506 3320 globi
516 3239 661 3320 fumiferi
677 3239 869 3308 nesciantur,
890 3257 968 3295 aura
991 3250 1033 3296 sot
1050 3239 1229 3317 purissima,
1251 3255 1328 3317 quas
1348 3235 1498 3294 ministrat

355 3363 501 3422 vapores,
518 3342 639 3400 rariores
652 3349 798 3417 provocat
818 3339 946 3398 dulcior
959 3338 1081 3398 anicios
1087 3381 1099 3411 ,
1117 3349 1145 3396 et
1161 3349 1244 3398 tanto
1256 3359 1278 3396 a
1293 3335 1498 3396 communibus

356 3445 473 3504 balneio
493 3442 642 3502 salubrior
661 3444 829 3513 invenitur,
849 3451 997 3520 quantum
1016 3421 1204 3500 abbaraam
1222 3440 1375 3498 inumera
1395 3439 1500 3497 celsior

357 3559 399 3606 sot
420 3557 530 3604 natura
551 3553 605 3605 eto.
647 3541 693 3602 De
713 3543 845 3602 universo
869 3563 902 3602 re
922 3543 1041 3602 fontium
1062 3543 1231 3622 stsnorurn
1253 3543 1327 3601 oonf.
1349 3540 1444 3602 Strnb.
1467 3540 1499 3610 5,

357 3655 386 3718 2.
408 3672 438 3731 p·
458 3649 530 3714 367.
554 3653 582 3707 et
604 3647 640 3723 5,
670 3643 700 3710 4.
721 3665 751 3726 p·
771 3644 843 3708 395.
865 3643 916 3707 97.
942 3643 995 3706 99.
1021 3643 1142 3724 (Tubu.)
1168 3643 1224 3706 Dio
1251 3643 1334 3704 Cass.
1355 3643 1416 3718 48,
1445 3641 1499 3705 51.

358 3793 566 3808 -ι--ιι-Ιι-

359 3877 504 3930 Parum
524 3875 567 3944 (p.
586 3872 634 3941 10)
655 3873 682 3926 iu
701 3872 749 3927 iilo
770 3870 889 3926 Pliniuuo
908 3871 968 3924 Ioco
990 3871 1073 3925 Cassii
1094 3871 1183 3940 (arins
1203 3867 1498 3924 honorificarit-sinon

357 3959 537 4016 testiinonium
550 3959 613 4014 vido
633 3975 676 4028 sp.
693 3958 799 4011 Coisurn
812 3955 841 4010 in
854 3957 940 4027 prust.
960 3973 989 4028 p.
1005 3957 1062 4024 18.)
1085 3956 1224 4026 iugandum
1243 3961 1352 4026 osnsat,
1375 3955 1498 4032 squide-

356 4050 385 4102 in
399 4049 531 4102 alterutra
552 4053 599 4098 aut
615 4045 696 4099 I’linii
718 4051 764 4097 sut
783 4041 952 4097 Sobolinstso
974 4042 1108 4112 scriptun
1129 4040 1347 4112 seqnissosndurn
1367 4040 1496 4094 srbitror.

357 4135 414 4188 Sed
428 4139 490 4185 ntor
503 4147 595 4184 vorum
609 4147 703 4184 nonen
716 4129 833 4194 dixerit,
853 4145 894 4182 rus
910 4131 997 4183 Istoor
1010 4127 1124 4182 nssoIrs.
1148 4127 1231 4181 I’lurs
1242 4126 1278 4180 ds
1292 4143 1326 4180 os
1338 4143 1369 4179 ro
1384 4124 1497 4180 disserui

357 4221 385 4272 in
403 4215 588 4288 „Zoitsobrist
602 4217 621 4270 I.
638 4217 665 4270 d.
682 4213 903 4268 Aitortbumsrr.“
926 4209 1004 4269 1844.
1019 4213 1056 4266 Ν.
1071 4209 1114 4268 74.
1136 4231 1163 4283 p.
1177 4211 1230 4267 587
1243 4229 1305 4282 sqq.
1322 4239 1360 4250 -
1376 4211 1495 4264 nesus.

358 4303 454 4356 Murus
471 4301 615 4372 „Epistola
629 4303 664 4354 sd
679 4301 824 4371 Agrippan
838 4299 872 4352 ds
885 4299 979 4354 Horbs
992 4296 1155 4352 Vettouios“
1170 4299 1206 4351 oi.
1221 4298 1250 4350 0.
1266 4298 1299 4350 Ε.
1313 4297 1375 4349 Gir.
1390 4293 1497 4347 Must-

221 4427 231 4438 .
358 4388 416 4439 dori
426 4387 574 4458 descriptio
589 4385 690 4439 codicis
704 4383 878 4439 vetustissimi
897 4384 924 4437 iu
945 4382 1012 4438 bibi.
1032 4383 1150 4437 nondun.
1165 4381 1362 4437 mansueto.
1383 4377 1495 4432 Vrstisi.

360 4469 438 4524 1809.
452 4487 504 4524 nna
518 4488 575 4525 onus
589 4469 748 4525 Naumnssi
761 4471 857 4541 Sorsp.
871 4465 949 4524 1840.
965 4469 1001 4528 N.
1015 4469 1042 4524 3.
1058 4485 1086 4539 p.
1099 4463 1145 4523 45.
1159 4477 1190 4522 st
1205 4469 1286 4523 θῦν.
1308 4465 1434 4534 „Geren
1447 4465 1496 4549 deq

360 4549 436 4606 nom.
452 4555 528 4607 ηιμ
542 4563 568 4622 s.
582 4556 644 4610 unu.
658 4555 693 4609 n.
709 4558 751 4610 ro.
769 4558 812 4609 11.
