<?xml version="1.0" encoding="UTF-8"?>
<!DOCTYPE html PUBLIC "-//W3C//DTD XHTML 1.0 Transitional//EN"
    "http://www.w3.org/TR/xhtml1/DTD/xhtml1-transitional.dtd">
<html xmlns="http://www.w3.org/1999/xhtml" xml:lang="en" lang="en">
 <head>
  <title>
</title>
<meta http-equiv="Content-Type" content="text/html;charset=utf-8" />
  <meta name='ocr-system' content='tesseract 3.04.00' />
  <meta name='ocr-capabilities' content='ocr_page ocr_carea ocr_par ocr_line ocrx_word'/>
</head>
<body>
  <div class='ocr_page' id='page_1' title='image "./quintihoratiifl00schmgoog_0327.png"; bbox 0 0 3380 5324; ppageno 0'>
   <div class='ocr_carea' id='block_1_1' title="bbox 374 523 1509 598">
    <p class='ocr_par' dir='ltr' id='par_1_1' title="bbox 374 523 1509 598">
     <span class='ocr_line' id='line_1_1' title="bbox 374 523 1509 598; baseline 0.009 -10"><span class='ocrx_word' id='word_1_1' title='bbox 374 523 438 593; x_wconf 75' lang='lat' dir='ltr'>dld</span> <span class='ocrx_word' id='word_1_2' title='bbox 486 527 693 591; x_wconf 69' lang='lat' dir='ltr'>comm.</span> <span class='ocrx_word' id='word_1_3' title='bbox 708 529 752 590; x_wconf 79' lang='grc' dir='ltr'>ΙΝ</span> <span class='ocrx_word' id='word_1_4' title='bbox 766 529 860 590; x_wconf 74' lang='lat' dir='ltr'>flos.</span> <span class='ocrx_word' id='word_1_5' title='bbox 879 528 952 589; x_wconf 75' lang='grc' dir='ltr'>ΗΒ.</span> <span class='ocrx_word' id='word_1_6' title='bbox 962 530 984 594; x_wconf 91' lang='grc' dir='ltr'>Ι.</span> <span class='ocrx_word' id='word_1_7' title='bbox 1007 527 1128 590; x_wconf 70' lang='lat' dir='ltr'>nster.</span> <span class='ocrx_word' id='word_1_8' title='bbox 1137 529 1250 589; x_wconf 79' lang='lat' dir='ltr'>SEXT.</span> <span class='ocrx_word' id='word_1_9' title='bbox 1262 529 1396 590; x_wconf 74' lang='lat' dir='ltr'>ntem.</span> <span class='ocrx_word' id='word_1_10' title='bbox 1448 532 1509 598; x_wconf 73' lang='lat'>156</span> 
     </span>
    </p>
   </div>
   <div class='ocr_carea' id='block_1_2' title="bbox 369 716 1510 1720">
    <p class='ocr_par' dir='ltr' id='par_1_2' title="bbox 369 716 1510 1720">
     <span class='ocr_line' id='line_1_2' title="bbox 373 716 1510 797; baseline -0.004 -16"><span class='ocrx_word' id='word_1_11' title='bbox 373 721 540 781; x_wconf 83' lang='lat' dir='ltr'>sententium</span> <span class='ocrx_word' id='word_1_12' title='bbox 560 717 665 777; x_wconf 79' lang='lat' dir='ltr'>fatiunt</span> <span class='ocrx_word' id='word_1_13' title='bbox 684 718 771 776; x_wconf 83' lang='lat' dir='ltr'>verba</span> <span class='ocrx_word' id='word_1_14' title='bbox 788 717 913 776; x_wconf 81' lang='lat' dir='ltr'>Senecae</span> <span class='ocrx_word' id='word_1_15' title='bbox 931 716 1023 797; x_wconf 87' lang='lat' dir='ltr'>Epist.</span> <span class='ocrx_word' id='word_1_16' title='bbox 1045 720 1097 782; x_wconf 83' lang='lat'>91.</span> <span class='ocrx_word' id='word_1_17' title='bbox 1144 716 1266 794; x_wconf 72' lang='lat' dir='ltr'>Qrtum</span> <span class='ocrx_word' id='word_1_18' title='bbox 1292 717 1441 776; x_wconf 56' lang='lat' dir='ltr'>&amp;mentia</span> <span class='ocrx_word' id='word_1_19' title='bbox 1467 728 1510 777; x_wconf 80' lang='lat' dir='ltr'>eet</span> 
     </span>
     <span class='ocr_line' id='line_1_3' title="bbox 373 818 1508 900; baseline -0.004 -16"><span class='ocrx_word' id='word_1_20' title='bbox 373 824 478 894; x_wconf 63' lang='lat' dir='ltr'>verni,</span> <span class='ocrx_word' id='word_1_21' title='bbox 499 842 536 880; x_wconf 82' lang='lat' dir='ltr'>ne</span> <span class='ocrx_word' id='word_1_22' title='bbox 554 819 710 899; x_wconf 78' lang='lat' dir='ltr'>infameris</span> <span class='ocrx_word' id='word_1_23' title='bbox 732 819 772 878; x_wconf 81' lang='lat' dir='ltr'>ab</span> <span class='ocrx_word' id='word_1_24' title='bbox 795 818 982 899; x_wconf 75' lang='lat' dir='ltr'>infamibus?</span> <span class='ocrx_word' id='word_1_25' title='bbox 1002 851 1039 864; x_wconf 89' lang='lat'>-</span> <span class='ocrx_word' id='word_1_26' title='bbox 1065 818 1158 879; x_wconf 83' lang='lat' dir='ltr'>Nune</span> <span class='ocrx_word' id='word_1_27' title='bbox 1178 819 1254 897; x_wconf 80' lang='lat' dir='ltr'>quid</span> <span class='ocrx_word' id='word_1_28' title='bbox 1272 819 1440 881; x_wconf 72' lang='lat' dir='ltr'>dsuunsnst</span> <span class='ocrx_word' id='word_1_29' title='bbox 1448 821 1508 900; x_wconf 84' lang='lat' dir='ltr'>so-</span> 
     </span>
     <span class='ocr_line' id='line_1_4' title="bbox 372 920 1508 1001; baseline -0.002 -17"><span class='ocrx_word' id='word_1_30' title='bbox 372 935 449 984; x_wconf 84' lang='lat' dir='ltr'>osrst</span> <span class='ocrx_word' id='word_1_31' title='bbox 468 925 516 982; x_wconf 77' lang='lat' dir='ltr'>vir</span> <span class='ocrx_word' id='word_1_32' title='bbox 532 921 644 992; x_wconf 75' lang='lat' dir='ltr'>boum,</span> <span class='ocrx_word' id='word_1_33' title='bbox 665 923 778 1001; x_wconf 77' lang='lat' dir='ltr'>r&#39;rss&#39;qus&#39;s</span> <span class='ocrx_word' id='word_1_34' title='bbox 797 925 964 983; x_wconf 82' lang='lat' dir='ltr'>rumoribus</span> <span class='ocrx_word' id='word_1_35' title='bbox 984 920 1144 1000; x_wconf 83' lang='lat' dir='ltr'>uspersus?</span> <span class='ocrx_word' id='word_1_36' title='bbox 1164 920 1210 980; x_wconf 78' lang='lat' dir='ltr'>Ad</span> <span class='ocrx_word' id='word_1_37' title='bbox 1229 923 1418 999; x_wconf 73' lang='lat' dir='ltr'>posteriorem</span> <span class='ocrx_word' id='word_1_38' title='bbox 1438 941 1508 982; x_wconf 86' lang='lat' dir='ltr'>eon-</span> 
     </span>
     <span class='ocr_line' id='line_1_5' title="bbox 370 1022 1508 1106; baseline -0.002 -20"><span class='ocrx_word' id='word_1_39' title='bbox 370 1027 416 1086; x_wconf 79' lang='lat' dir='ltr'>fer</span> <span class='ocrx_word' id='word_1_40' title='bbox 437 1027 498 1086; x_wconf 80' lang='lat' dir='ltr'>cie.</span> <span class='ocrx_word' id='word_1_41' title='bbox 519 1022 600 1084; x_wconf 84' lang='lat' dir='ltr'>Lnei.</span> <span class='ocrx_word' id='word_1_42' title='bbox 622 1025 681 1099; x_wconf 85' lang='lat'>26,</span> <span class='ocrx_word' id='word_1_43' title='bbox 701 1026 732 1087; x_wconf 82' lang='lat'>6.</span> <span class='ocrx_word' id='word_1_44' title='bbox 761 1026 848 1106; x_wconf 88' lang='lat' dir='ltr'>(ibiq.</span> <span class='ocrx_word' id='word_1_45' title='bbox 869 1025 984 1103; x_wconf 83' lang='lat' dir='ltr'>Beier.)</span> <span class='ocrx_word' id='word_1_46' title='bbox 1022 1025 1139 1084; x_wconf 76' lang='lat' dir='ltr'>Virtute</span> <span class='ocrx_word' id='word_1_47' title='bbox 1166 1025 1244 1080; x_wconf 80' lang='lat' dir='ltr'>enim</span> <span class='ocrx_word' id='word_1_48' title='bbox 1270 1027 1338 1102; x_wconf 83' lang='lat' dir='ltr'>ipso</span> <span class='ocrx_word' id='word_1_49' title='bbox 1364 1045 1423 1082; x_wconf 85' lang='lat' dir='ltr'>non</span> <span class='ocrx_word' id='word_1_50' title='bbox 1445 1036 1508 1084; x_wconf 80' lang='lat' dir='ltr'>tom</span> 
     </span>
     <span class='ocr_line' id='line_1_6' title="bbox 372 1124 1506 1206; baseline -0.002 -19"><span class='ocrx_word' id='word_1_51' title='bbox 372 1127 462 1188; x_wconf 81' lang='lat' dir='ltr'>multi</span> <span class='ocrx_word' id='word_1_52' title='bbox 471 1124 607 1206; x_wconf 72' lang='lat' dir='ltr'>praediti</span> <span class='ocrx_word' id='word_1_53' title='bbox 625 1145 697 1196; x_wconf 82' lang='lat' dir='ltr'>esee,</span> <span class='ocrx_word' id='word_1_54' title='bbox 719 1148 811 1205; x_wconf 86' lang='lat' dir='ltr'>quum</span> <span class='ocrx_word' id='word_1_55' title='bbox 831 1129 926 1186; x_wconf 76' lang='lat' dir='ltr'>videri</span> <span class='ocrx_word' id='word_1_56' title='bbox 944 1127 1057 1186; x_wconf 76' lang='lat' dir='ltr'>volssnt.</span> <span class='ocrx_word' id='word_1_57' title='bbox 1092 1127 1161 1184; x_wconf 85' lang='lat' dir='ltr'>Hos</span> <span class='ocrx_word' id='word_1_58' title='bbox 1180 1125 1309 1184; x_wconf 75' lang='lat' dir='ltr'>delectat</span> <span class='ocrx_word' id='word_1_59' title='bbox 1327 1130 1506 1186; x_wconf 81' lang='lat' dir='ltr'>assentatio:</span> 
     </span>
     <span class='ocr_line' id='line_1_7' title="bbox 371 1227 1509 1306; baseline 0 -18"><span class='ocrx_word' id='word_1_60' title='bbox 371 1229 419 1288; x_wconf 74' lang='lat' dir='ltr'>tu</span> <span class='ocrx_word' id='word_1_61' title='bbox 433 1229 530 1306; x_wconf 82' lang='lat' dir='ltr'>fictus</span> <span class='ocrx_word' id='word_1_62' title='bbox 550 1229 594 1287; x_wconf 85' lang='lat' dir='ltr'>od</span> <span class='ocrx_word' id='word_1_63' title='bbox 612 1229 743 1305; x_wconf 70' lang='lat' dir='ltr'>ipsorum</span> <span class='ocrx_word' id='word_1_64' title='bbox 765 1229 947 1288; x_wconf 75' lang='lat' dir='ltr'>vobsntntsm</span> <span class='ocrx_word' id='word_1_65' title='bbox 968 1250 1062 1289; x_wconf 84' lang='lat' dir='ltr'>sermo</span> <span class='ocrx_word' id='word_1_66' title='bbox 1085 1249 1179 1306; x_wconf 83' lang='lat' dir='ltr'>quum</span> <span class='ocrx_word' id='word_1_67' title='bbox 1201 1227 1377 1300; x_wconf 70' lang='lat' dir='ltr'>adhibetur,</span> <span class='ocrx_word' id='word_1_68' title='bbox 1397 1231 1509 1288; x_wconf 82' lang='lat' dir='ltr'>erutio-</span> 
     </span>
     <span class='ocr_line' id='line_1_8' title="bbox 371 1329 1508 1409; baseline -0.002 -17"><span class='ocrx_word' id='word_1_69' title='bbox 371 1353 438 1392; x_wconf 80' lang='lat' dir='ltr'>nem</span> <span class='ocrx_word' id='word_1_70' title='bbox 473 1331 561 1390; x_wconf 68' lang='lat' dir='ltr'>alam</span> <span class='ocrx_word' id='word_1_71' title='bbox 595 1349 707 1388; x_wconf 70' lang='lat' dir='ltr'>vanam</span> <span class='ocrx_word' id='word_1_72' title='bbox 747 1334 945 1392; x_wconf 78' lang='lat' dir='ltr'>testimonium</span> <span class='ocrx_word' id='word_1_73' title='bbox 976 1352 1035 1391; x_wconf 86' lang='lat' dir='ltr'>ease</span> <span class='ocrx_word' id='word_1_74' title='bbox 1067 1329 1194 1388; x_wconf 68' lang='lat' dir='ltr'>taudem</span> <span class='ocrx_word' id='word_1_75' title='bbox 1228 1351 1352 1390; x_wconf 81' lang='lat' dir='ltr'>suarum</span> <span class='ocrx_word' id='word_1_76' title='bbox 1382 1343 1508 1409; x_wconf 80' lang='lat' dir='ltr'>putant.</span> 
     </span>
     <span class='ocr_line' id='line_1_9' title="bbox 370 1433 1508 1513; baseline -0.004 -19"><span class='ocrx_word' id='word_1_77' title='bbox 370 1437 471 1494; x_wconf 86' lang='lat' dir='ltr'>Seneo.</span> <span class='ocrx_word' id='word_1_78' title='bbox 491 1433 583 1513; x_wconf 81' lang='lat' dir='ltr'>Epist.</span> <span class='ocrx_word' id='word_1_79' title='bbox 610 1433 660 1496; x_wconf 74' lang='lat'>59.</span> <span class='ocrx_word' id='word_1_80' title='bbox 691 1435 837 1513; x_wconf 80' lang='lat' dir='ltr'>quioquid</span> <span class='ocrx_word' id='word_1_81' title='bbox 853 1435 989 1494; x_wconf 73' lang='lat' dir='ltr'>adulatio</span> <span class='ocrx_word' id='word_1_82' title='bbox 1009 1437 1043 1492; x_wconf 84' lang='lat' dir='ltr'>in</span> <span class='ocrx_word' id='word_1_83' title='bbox 1062 1455 1116 1492; x_wconf 85' lang='lat' dir='ltr'>nos</span> <span class='ocrx_word' id='word_1_84' title='bbox 1132 1435 1196 1491; x_wconf 83' lang='lat' dir='ltr'>sine</span> <span class='ocrx_word' id='word_1_85' title='bbox 1211 1435 1328 1511; x_wconf 82' lang='lat' dir='ltr'>pudore</span> <span class='ocrx_word' id='word_1_86' title='bbox 1347 1437 1508 1513; x_wconf 73' lang='lat' dir='ltr'>congessit,</span> 
     </span>
     <span class='ocr_line' id='line_1_10' title="bbox 370 1532 1507 1616; baseline -0.001 -22"><span class='ocrx_word' id='word_1_87' title='bbox 370 1547 516 1616; x_wconf 75' lang='lat' dir='ltr'>mnquuru</span> <span class='ocrx_word' id='word_1_88' title='bbox 544 1532 675 1593; x_wconf 82' lang='lat' dir='ltr'>debitum</span> <span class='ocrx_word' id='word_1_89' title='bbox 698 1537 894 1613; x_wconf 78' lang='lat' dir='ltr'>prendbuas:</span> <span class='ocrx_word' id='word_1_90' title='bbox 926 1539 1050 1615; x_wconf 83' lang='lat' dir='ltr'>optimos</span> <span class='ocrx_word' id='word_1_91' title='bbox 1078 1555 1131 1594; x_wconf 84' lang='lat' dir='ltr'>nos</span> <span class='ocrx_word' id='word_1_92' title='bbox 1162 1555 1243 1606; x_wconf 83' lang='lat' dir='ltr'>sees,</span> <span class='ocrx_word' id='word_1_93' title='bbox 1275 1537 1507 1613; x_wconf 79' lang='lat' dir='ltr'>sapientissimos</span> 
     </span>
     <span class='ocr_line' id='line_1_11' title="bbox 369 1635 1503 1720; baseline -0.003 -23"><span class='ocrx_word' id='word_1_94' title='bbox 369 1635 595 1719; x_wconf 71' lang='lat' dir='ltr'>affirmantibus</span> <span class='ocrx_word' id='word_1_95' title='bbox 625 1641 825 1710; x_wconf 67' lang='lat' dir='ltr'>assentione,</span> <span class='ocrx_word' id='word_1_96' title='bbox 861 1660 953 1720; x_wconf 72' lang='lat' dir='ltr'>quiem</span> <span class='ocrx_word' id='word_1_97' title='bbox 988 1641 1119 1696; x_wconf 78' lang='lat' dir='ltr'>sciamus</span> <span class='ocrx_word' id='word_1_98' title='bbox 1152 1637 1220 1696; x_wconf 78' lang='lat' dir='ltr'>illos</span> <span class='ocrx_word' id='word_1_99' title='bbox 1255 1657 1344 1714; x_wconf 80' lang='lat' dir='ltr'>saepe</span> <span class='ocrx_word' id='word_1_100' title='bbox 1375 1637 1503 1696; x_wconf 68' lang='lat' dir='ltr'>menu&#39;rr&#39;.</span> 
     </span>
    </p>
   </div>
   <div class='ocr_carea' id='block_1_3' title="bbox 369 1734 1620 1815">
    <p class='ocr_par' dir='ltr' id='par_1_3' title="bbox 369 1734 1620 1815">
     <span class='ocr_line' id='line_1_12' title="bbox 369 1734 1620 1815; baseline -0.002 -15"><span class='ocrx_word' id='word_1_101' title='bbox 369 1740 441 1800; x_wconf 88' lang='lat' dir='ltr'>lllnd</span> <span class='ocrx_word' id='word_1_102' title='bbox 462 1757 530 1798; x_wconf 83' lang='lat' dir='ltr'>sene</span> <span class='ocrx_word' id='word_1_103' title='bbox 545 1738 633 1799; x_wconf 80' lang='lat' dir='ltr'>voluit</span> <span class='ocrx_word' id='word_1_104' title='bbox 652 1738 751 1800; x_wconf 85' lang='lat' dir='ltr'>Poeta.</span> <span class='ocrx_word' id='word_1_105' title='bbox 787 1743 844 1811; x_wconf 88' lang='lat' dir='ltr'>Qui</span> <span class='ocrx_word' id='word_1_106' title='bbox 865 1750 957 1802; x_wconf 86' lang='lat' dir='ltr'>eutem</span> <span class='ocrx_word' id='word_1_107' title='bbox 977 1741 1091 1801; x_wconf 84' lang='lat' dir='ltr'>ehiasmi</span> <span class='ocrx_word' id='word_1_108' title='bbox 1108 1734 1285 1802; x_wconf 82' lang='lat' dir='ltr'>immemores</span> <span class='ocrx_word' id='word_1_109' title='bbox 1304 1745 1386 1815; x_wconf 85' lang='lat' dir='ltr'>sont,</span> <span class='ocrx_word' id='word_1_110' title='bbox 1407 1739 1427 1798; x_wconf 90' lang='lat' dir='ltr'>ii</span> <span class='ocrx_word' id='word_1_111' title='bbox 1445 1737 1506 1798; x_wconf 82' lang='lat' dir='ltr'>iere</span> <span class='ocrx_word' id='word_1_112' title='bbox 1618 1757 1620 1768; x_wconf 92' lang='grc'><strong><em>·</em></strong></span> 
     </span>
    </p>
   </div>
   <div class='ocr_carea' id='block_1_4' title="bbox 291 1840 1506 2434">
    <p class='ocr_par' dir='ltr' id='par_1_4' title="bbox 291 1840 1506 2434">
     <span class='ocr_line' id='line_1_13' title="bbox 369 1840 1505 1922; baseline 0.004 -20"><span class='ocrx_word' id='word_1_113' title='bbox 369 1842 588 1920; x_wconf 71' lang='lat' dir='ltr'>interpretantur</span> <span class='ocrx_word' id='word_1_114' title='bbox 608 1848 656 1900; x_wconf 88' lang='lat' dir='ltr'>aut</span> <span class='ocrx_word' id='word_1_115' title='bbox 679 1844 720 1901; x_wconf 87' lang='lat' dir='ltr'>nti</span> <span class='ocrx_word' id='word_1_116' title='bbox 745 1840 885 1903; x_wconf 78' lang='lat' dir='ltr'>Lambino</span> <span class='ocrx_word' id='word_1_117' title='bbox 910 1849 1027 1904; x_wconf 84' lang='lat' dir='ltr'>auctore</span> <span class='ocrx_word' id='word_1_118' title='bbox 1055 1845 1242 1901; x_wconf 79' lang='lat' dir='ltr'>Torrentius:</span> <span class='ocrx_word' id='word_1_119' title='bbox 1275 1846 1389 1922; x_wconf 82' lang='lat' dir='ltr'>„insert</span> <span class='ocrx_word' id='word_1_120' title='bbox 1410 1845 1505 1906; x_wconf 83' lang='lat' dir='ltr'>Hore-</span> 
     </span>
     <span class='ocr_line' id='line_1_14' title="bbox 369 1943 1505 2026; baseline 0.002 -22"><span class='ocrx_word' id='word_1_121' title='bbox 369 1945 443 2020; x_wconf 81' lang='lat' dir='ltr'>tius,</span> <span class='ocrx_word' id='word_1_122' title='bbox 471 1943 609 2004; x_wconf 88' lang='lat' dir='ltr'>neminem</span> <span class='ocrx_word' id='word_1_123' title='bbox 628 1951 677 2004; x_wconf 87' lang='lat' dir='ltr'>aut</span> <span class='ocrx_word' id='word_1_124' title='bbox 697 1944 769 2004; x_wconf 80' lang='lat' dir='ltr'>saiso</span> <span class='ocrx_word' id='word_1_125' title='bbox 789 1945 896 2006; x_wconf 89' lang='lat' dir='ltr'>honore</span> <span class='ocrx_word' id='word_1_126' title='bbox 916 1945 1066 2021; x_wconf 85' lang='lat' dir='ltr'>delectari,</span> <span class='ocrx_word' id='word_1_127' title='bbox 1095 1951 1145 2004; x_wconf 90' lang='lat' dir='ltr'>ant</span> <span class='ocrx_word' id='word_1_128' title='bbox 1168 1943 1239 2004; x_wconf 80' lang='lat' dir='ltr'>falso</span> <span class='ocrx_word' id='word_1_129' title='bbox 1259 1949 1360 2006; x_wconf 89' lang='lat' dir='ltr'>terreri</span> <span class='ocrx_word' id='word_1_130' title='bbox 1381 1947 1505 2026; x_wconf 80' lang='lat' dir='ltr'>infessis,</span> 
     </span>
     <span class='ocr_line' id='line_1_15' title="bbox 291 2039 1504 2128; baseline 0.003 -22"><span class='ocrx_word' id='word_1_131' title='bbox 291 2079 295 2087; x_wconf 75' lang='lat'>=</span> <span class='ocrx_word' id='word_1_132' title='bbox 368 2046 423 2106; x_wconf 83' lang='lat' dir='ltr'>nisi</span> <span class='ocrx_word' id='word_1_133' title='bbox 444 2047 492 2123; x_wconf 89' lang='lat' dir='ltr'>qui</span> <span class='ocrx_word' id='word_1_134' title='bbox 511 2044 574 2124; x_wconf 90' lang='lat' dir='ltr'>ipse</span> <span class='ocrx_word' id='word_1_135' title='bbox 599 2048 715 2106; x_wconf 84' lang='lat' dir='ltr'>vitiosus</span> <span class='ocrx_word' id='word_1_136' title='bbox 736 2048 791 2123; x_wconf 88' lang='lat' dir='ltr'>sit,</span> <span class='ocrx_word' id='word_1_137' title='bbox 821 2054 850 2107; x_wconf 94' lang='lat' dir='ltr'>et</span> <span class='ocrx_word' id='word_1_138' title='bbox 875 2047 946 2106; x_wconf 86' lang='lat' dir='ltr'>elios</span> <span class='ocrx_word' id='word_1_139' title='bbox 969 2065 1052 2124; x_wconf 65' lang='lat' dir='ltr'>mam</span> <span class='ocrx_word' id='word_1_140' title='bbox 1077 2047 1116 2106; x_wconf 89' lang='lat' dir='ltr'>sit</span> <span class='ocrx_word' id='word_1_141' title='bbox 1137 2039 1227 2106; x_wconf 87' lang='lat' dir='ltr'>videri</span> <span class='ocrx_word' id='word_1_142' title='bbox 1245 2049 1343 2108; x_wconf 84' lang='lat' dir='ltr'>veiens</span> <span class='ocrx_word' id='word_1_143' title='bbox 1364 2057 1504 2128; x_wconf 86' lang='lat' dir='ltr'>perpetuo</span> 
     </span>
     <span class='ocr_line' id='line_1_16' title="bbox 367 2147 1506 2233; baseline 0.004 -25"><span class='ocrx_word' id='word_1_144' title='bbox 367 2147 553 2223; x_wconf 86' lang='lat' dir='ltr'>mentistnr‚“</span> <span class='ocrx_word' id='word_1_145' title='bbox 574 2154 623 2207; x_wconf 87' lang='lat' dir='ltr'>snt</span> <span class='ocrx_word' id='word_1_146' title='bbox 644 2150 685 2207; x_wconf 88' lang='lat' dir='ltr'>nti</span> <span class='ocrx_word' id='word_1_147' title='bbox 709 2148 838 2208; x_wconf 82' lang='lat' dir='ltr'>Oretliua</span> <span class='ocrx_word' id='word_1_148' title='bbox 859 2151 917 2228; x_wconf 89' lang='lat' dir='ltr'>(ed.</span> <span class='ocrx_word' id='word_1_149' title='bbox 940 2149 998 2227; x_wconf 80' lang='lat'>1.):</span> <span class='ocrx_word' id='word_1_150' title='bbox 1018 2148 1130 2226; x_wconf 89' lang='lat' dir='ltr'>„1dem,</span> <span class='ocrx_word' id='word_1_151' title='bbox 1151 2149 1198 2224; x_wconf 83' lang='lat' dir='ltr'>qui</span> <span class='ocrx_word' id='word_1_152' title='bbox 1215 2157 1355 2233; x_wconf 88' lang='lat' dir='ltr'>perpetuo</span> <span class='ocrx_word' id='word_1_153' title='bbox 1372 2152 1506 2212; x_wconf 85' lang='lat' dir='ltr'>mentitur</span> 
     </span>
     <span class='ocr_line' id='line_1_17' title="bbox 368 2249 1504 2333; baseline 0.005 -25"><span class='ocrx_word' id='word_1_154' title='bbox 368 2249 495 2326; x_wconf 82' lang='lat' dir='ltr'>aliosque</span> <span class='ocrx_word' id='word_1_155' title='bbox 516 2249 647 2328; x_wconf 80' lang='lat' dir='ltr'>decipere</span> <span class='ocrx_word' id='word_1_156' title='bbox 667 2252 763 2330; x_wconf 84' lang='lat' dir='ltr'>eupit,</span> <span class='ocrx_word' id='word_1_157' title='bbox 791 2254 858 2310; x_wconf 88' lang='lat' dir='ltr'>dum</span> <span class='ocrx_word' id='word_1_158' title='bbox 879 2269 911 2309; x_wconf 91' lang='lat' dir='ltr'>se</span> <span class='ocrx_word' id='word_1_159' title='bbox 931 2249 1034 2308; x_wconf 88' lang='lat' dir='ltr'>bonum</span> <span class='ocrx_word' id='word_1_160' title='bbox 1055 2253 1267 2328; x_wconf 86' lang='lat' dir='ltr'>sapientemque</span> <span class='ocrx_word' id='word_1_161' title='bbox 1290 2271 1355 2312; x_wconf 82' lang='lat' dir='ltr'>esse</span> <span class='ocrx_word' id='word_1_162' title='bbox 1381 2253 1504 2333; x_wconf 82' lang='lat' dir='ltr'>simulat,</span> 
     </span>
     <span class='ocr_line' id='line_1_18' title="bbox 367 2350 1353 2434; baseline 0.003 -24"><span class='ocrx_word' id='word_1_163' title='bbox 367 2357 485 2430; x_wconf 85' lang='lat' dir='ltr'>propter</span> <span class='ocrx_word' id='word_1_164' title='bbox 502 2352 532 2408; x_wconf 89' lang='lat' dir='ltr'>id</span> <span class='ocrx_word' id='word_1_165' title='bbox 551 2353 644 2430; x_wconf 88' lang='lat' dir='ltr'>ipsum</span> <span class='ocrx_word' id='word_1_166' title='bbox 663 2353 792 2412; x_wconf 86' lang='lat' dir='ltr'>mendaci</span> <span class='ocrx_word' id='word_1_167' title='bbox 813 2352 925 2412; x_wconf 80' lang='lat' dir='ltr'>infamia</span> <span class='ocrx_word' id='word_1_168' title='bbox 946 2357 1085 2411; x_wconf 85' lang='lat' dir='ltr'>terreatur</span> <span class='ocrx_word' id='word_1_169' title='bbox 1099 2372 1217 2413; x_wconf 87' lang='lat' dir='ltr'>neeesse</span> <span class='ocrx_word' id='word_1_170' title='bbox 1236 2350 1353 2434; x_wconf 79' lang='lat' dir='ltr'>est.“*)</span> 
     </span>
    </p>
   </div>
   <div class='ocr_carea' id='block_1_5' title="bbox 360 2557 1503 4662">
    <p class='ocr_par' dir='ltr' id='par_1_5' title="bbox 360 2557 1503 4662">
     <span class='ocr_line' id='line_1_19' title="bbox 451 2557 1502 2630; baseline 0.005 -19"><span class='ocrx_word' id='word_1_171' title='bbox 451 2559 479 2626; x_wconf 86' lang='grc' dir='ltr'>ΙΙΙ)</span> <span class='ocrx_word' id='word_1_172' title='bbox 500 2557 586 2626; x_wconf 72' lang='lat' dir='ltr'>Magis</span> <span class='ocrx_word' id='word_1_173' title='bbox 600 2573 666 2612; x_wconf 82' lang='lat' dir='ltr'>vern</span> <span class='ocrx_word' id='word_1_174' title='bbox 678 2557 725 2612; x_wconf 83' lang='lat' dir='ltr'>illa</span> <span class='ocrx_word' id='word_1_175' title='bbox 737 2559 843 2630; x_wconf 85' lang='lat' dir='ltr'>quidem</span> <span class='ocrx_word' id='word_1_176' title='bbox 856 2557 1060 2626; x_wconf 72' lang='lat' dir='ltr'>interpretatio,</span> <span class='ocrx_word' id='word_1_177' title='bbox 1077 2559 1127 2613; x_wconf 91' lang='lat' dir='ltr'>ssd</span> <span class='ocrx_word' id='word_1_178' title='bbox 1145 2558 1210 2614; x_wconf 77' lang='lat' dir='ltr'>lasse</span> <span class='ocrx_word' id='word_1_179' title='bbox 1226 2559 1305 2630; x_wconf 86' lang='lat' dir='ltr'>piens</span> <span class='ocrx_word' id='word_1_180' title='bbox 1322 2565 1418 2614; x_wconf 82' lang='lat' dir='ltr'>eontra</span> <span class='ocrx_word' id='word_1_181' title='bbox 1430 2577 1502 2615; x_wconf 86' lang='lat' dir='ltr'>men·</span> 
     </span>
     <span class='ocr_line' id='line_1_20' title="bbox 368 2643 1501 2716; baseline 0.002 -19"><span class='ocrx_word' id='word_1_182' title='bbox 368 2649 422 2698; x_wconf 88' lang='lat' dir='ltr'>tem</span> <span class='ocrx_word' id='word_1_183' title='bbox 435 2644 537 2696; x_wconf 82' lang='lat' dir='ltr'>Poetae</span> <span class='ocrx_word' id='word_1_184' title='bbox 556 2647 615 2710; x_wconf 88' lang='lat' dir='ltr'>est,</span> <span class='ocrx_word' id='word_1_185' title='bbox 641 2644 687 2714; x_wconf 90' lang='lat' dir='ltr'>qui</span> <span class='ocrx_word' id='word_1_186' title='bbox 705 2647 856 2699; x_wconf 74' lang='lat' dir='ltr'>murduesns</span> <span class='ocrx_word' id='word_1_187' title='bbox 868 2643 1021 2714; x_wconf 76' lang='lat' dir='ltr'>insoniunt,</span> <span class='ocrx_word' id='word_1_188' title='bbox 1044 2660 1097 2715; x_wconf 84' lang='lat' dir='ltr'>qna</span> <span class='ocrx_word' id='word_1_189' title='bbox 1110 2646 1169 2716; x_wconf 79' lang='lat' dir='ltr'>quis</span> <span class='ocrx_word' id='word_1_190' title='bbox 1182 2662 1233 2698; x_wconf 90' lang='lat' dir='ltr'>non</span> <span class='ocrx_word' id='word_1_191' title='bbox 1248 2651 1445 2702; x_wconf 73' lang='lat' dir='ltr'>commorentur</span> <span class='ocrx_word' id='word_1_192' title='bbox 1460 2648 1501 2716; x_wconf 78' lang='lat' dir='ltr'>(r.</span> 
     </span>
     <span class='ocr_line' id='line_1_21' title="bbox 367 2728 1502 2800; baseline 0.002 -18"><span class='ocrx_word' id='word_1_193' title='bbox 367 2728 502 2796; x_wconf 78' lang='lat'>36-38.)</span> <span class='ocrx_word' id='word_1_194' title='bbox 520 2728 706 2798; x_wconf 82' lang='lat' dir='ltr'>quodammodo</span> <span class='ocrx_word' id='word_1_195' title='bbox 713 2731 789 2800; x_wconf 78' lang='lat' dir='ltr'>jotro</span> <span class='ocrx_word' id='word_1_196' title='bbox 802 2730 904 2796; x_wconf 76' lang='lat' dir='ltr'>honori,</span> <span class='ocrx_word' id='word_1_197' title='bbox 919 2745 969 2800; x_wconf 91' lang='lat' dir='ltr'>qno</span> <span class='ocrx_word' id='word_1_198' title='bbox 984 2728 1043 2799; x_wconf 87' lang='lat' dir='ltr'>quis</span> <span class='ocrx_word' id='word_1_199' title='bbox 1058 2731 1220 2800; x_wconf 79' lang='lat' dir='ltr'>delectetur,</span> <span class='ocrx_word' id='word_1_200' title='bbox 1234 2731 1284 2786; x_wconf 87' lang='lat' dir='ltr'>hae</span> <span class='ocrx_word' id='word_1_201' title='bbox 1297 2731 1382 2784; x_wconf 84' lang='lat' dir='ltr'>tacita</span> <span class='ocrx_word' id='word_1_202' title='bbox 1395 2737 1502 2784; x_wconf 89' lang='lat' dir='ltr'>seuten-</span> 
     </span>
     <span class='ocr_line' id='line_1_22' title="bbox 366 2813 1503 2886; baseline 0 -17"><span class='ocrx_word' id='word_1_203' title='bbox 366 2813 408 2869; x_wconf 74' lang='lat' dir='ltr'>tte</span> <span class='ocrx_word' id='word_1_204' title='bbox 420 2813 544 2885; x_wconf 77' lang='lat' dir='ltr'>opponit:</span> <span class='ocrx_word' id='word_1_205' title='bbox 566 2813 634 2884; x_wconf 90' lang='lat' dir='ltr'>„Uti</span> <span class='ocrx_word' id='word_1_206' title='bbox 648 2832 700 2868; x_wconf 89' lang='lat' dir='ltr'>non</span> <span class='ocrx_word' id='word_1_207' title='bbox 713 2813 869 2886; x_wconf 84' lang='lat' dir='ltr'>percelleris</span> <span class='ocrx_word' id='word_1_208' title='bbox 883 2813 957 2868; x_wconf 82' lang='lat' dir='ltr'>ielsis</span> <span class='ocrx_word' id='word_1_209' title='bbox 971 2814 1212 2884; x_wconf 78' lang='lat' dir='ltr'>criminationibus,</span> <span class='ocrx_word' id='word_1_210' title='bbox 1229 2816 1269 2870; x_wconf 86' lang='lat' dir='ltr'>ita</span> <span class='ocrx_word' id='word_1_211' title='bbox 1283 2825 1310 2869; x_wconf 89' lang='lat' dir='ltr'>te</span> <span class='ocrx_word' id='word_1_212' title='bbox 1324 2834 1376 2869; x_wconf 92' lang='lat' dir='ltr'>non</span> <span class='ocrx_word' id='word_1_213' title='bbox 1391 2821 1503 2886; x_wconf 77' lang='lat' dir='ltr'>oportet</span> 
     </span>
     <span class='ocr_line' id='line_1_23' title="bbox 366 2899 1501 2971; baseline 0.002 -18"><span class='ocrx_word' id='word_1_214' title='bbox 366 2899 435 2954; x_wconf 82' lang='lat' dir='ltr'>tnlsa</span> <span class='ocrx_word' id='word_1_215' title='bbox 448 2899 526 2954; x_wconf 87' lang='lat' dir='ltr'>lende</span> <span class='ocrx_word' id='word_1_216' title='bbox 539 2899 677 2968; x_wconf 83' lang='lat' dir='ltr'>delectari,</span> <span class='ocrx_word' id='word_1_217' title='bbox 691 2901 711 2954; x_wconf 88' lang='lat' dir='ltr'>i.</span> <span class='ocrx_word' id='word_1_218' title='bbox 726 2919 751 2954; x_wconf 91' lang='lat' dir='ltr'>e.</span> <span class='ocrx_word' id='word_1_219' title='bbox 763 2899 974 2954; x_wconf 74' lang='lat' dir='ltr'>assentatoribus</span> <span class='ocrx_word' id='word_1_220' title='bbox 988 2901 1108 2955; x_wconf 83' lang='lat' dir='ltr'>credulas</span> <span class='ocrx_word' id='word_1_221' title='bbox 1123 2917 1201 2956; x_wconf 88' lang='lat' dir='ltr'>anrss</span> <span class='ocrx_word' id='word_1_222' title='bbox 1212 2903 1351 2971; x_wconf 81' lang='lat' dir='ltr'>praebere,</span> <span class='ocrx_word' id='word_1_223' title='bbox 1366 2901 1419 2954; x_wconf 88' lang='lat' dir='ltr'>nisi</span> <span class='ocrx_word' id='word_1_224' title='bbox 1429 2903 1501 2955; x_wconf 83' lang='lat' dir='ltr'>torte</span> 
     </span>
     <span class='ocr_line' id='line_1_24' title="bbox 365 2985 1501 3053; baseline 0.003 -13"><span class='ocrx_word' id='word_1_225' title='bbox 365 2987 450 3040; x_wconf 67' lang='lat' dir='ltr'>mrum</span> <span class='ocrx_word' id='word_1_226' title='bbox 462 2987 559 3038; x_wconf 79' lang='lat' dir='ltr'>bonum</span> <span class='ocrx_word' id='word_1_227' title='bbox 572 2985 694 3039; x_wconf 79' lang='lat' dir='ltr'>simulare</span> <span class='ocrx_word' id='word_1_228' title='bbox 708 2985 822 3040; x_wconf 76' lang='lat' dir='ltr'>naevist‘</span> <span class='ocrx_word' id='word_1_229' title='bbox 845 2987 963 3039; x_wconf 84' lang='lat' dir='ltr'>Similem</span> <span class='ocrx_word' id='word_1_230' title='bbox 978 2986 1181 3041; x_wconf 74' lang='lat' dir='ltr'>inconstantiam</span> <span class='ocrx_word' id='word_1_231' title='bbox 1193 2994 1270 3042; x_wconf 84' lang='lat' dir='ltr'>notat</span> <span class='ocrx_word' id='word_1_232' title='bbox 1282 2988 1367 3040; x_wconf 81' lang='lat' dir='ltr'>Poste</span> <span class='ocrx_word' id='word_1_233' title='bbox 1379 2985 1407 3053; x_wconf 83' lang='lat'>6,</span> <span class='ocrx_word' id='word_1_234' title='bbox 1418 2987 1445 3041; x_wconf 79' lang='lat'>9.</span> <span class='ocrx_word' id='word_1_235' title='bbox 1459 2989 1501 3043; x_wconf 85' lang='lat'>10.</span> 
     </span>
     <span class='ocr_line' id='line_1_25' title="bbox 365 3069 1500 3142; baseline 0.001 -16"><span class='ocrx_word' id='word_1_236' title='bbox 365 3072 428 3142; x_wconf 86' lang='lat' dir='ltr'>(nbi</span> <span class='ocrx_word' id='word_1_237' title='bbox 441 3069 506 3124; x_wconf 78' lang='lat' dir='ltr'>vide</span> <span class='ocrx_word' id='word_1_238' title='bbox 517 3072 623 3140; x_wconf 77' lang='lat' dir='ltr'>annot.)</span> <span class='ocrx_word' id='word_1_239' title='bbox 643 3077 672 3126; x_wconf 88' lang='lat' dir='ltr'>et</span> <span class='ocrx_word' id='word_1_240' title='bbox 691 3072 749 3126; x_wconf 79' lang='lat' dir='ltr'>Gis.</span> <span class='ocrx_word' id='word_1_241' title='bbox 765 3073 799 3126; x_wconf 91' lang='lat' dir='ltr'>de</span> <span class='ocrx_word' id='word_1_242' title='bbox 814 3071 898 3126; x_wconf 80' lang='lat' dir='ltr'>orte.</span> <span class='ocrx_word' id='word_1_243' title='bbox 918 3075 951 3139; x_wconf 88' lang='lat'>1,</span> <span class='ocrx_word' id='word_1_244' title='bbox 972 3074 1021 3141; x_wconf 78' lang='lat'>21,</span> <span class='ocrx_word' id='word_1_245' title='bbox 1042 3074 1087 3126; x_wconf 79' lang='lat' dir='ltr'>tr.</span> <span class='ocrx_word' id='word_1_246' title='bbox 1124 3073 1289 3142; x_wconf 71' lang='lat' dir='ltr'>Longissins</span> <span class='ocrx_word' id='word_1_247' title='bbox 1301 3081 1390 3126; x_wconf 84' lang='lat' dir='ltr'>entem</span> <span class='ocrx_word' id='word_1_248' title='bbox 1403 3090 1420 3126; x_wconf 84' lang='lat' dir='ltr'>a</span> <span class='ocrx_word' id='word_1_249' title='bbox 1435 3090 1500 3127; x_wconf 81' lang='lat' dir='ltr'>vero</span> 
     </span>
     <span class='ocr_line' id='line_1_26' title="bbox 365 3157 1501 3232; baseline 0.001 -21"><span class='ocrx_word' id='word_1_250' title='bbox 365 3159 462 3211; x_wconf 80' lang='lat' dir='ltr'>abesse</span> <span class='ocrx_word' id='word_1_251' title='bbox 472 3157 598 3211; x_wconf 81' lang='lat' dir='ltr'>ridentur</span> <span class='ocrx_word' id='word_1_252' title='bbox 609 3159 655 3228; x_wconf 91' lang='lat' dir='ltr'>qni</span> <span class='ocrx_word' id='word_1_253' title='bbox 667 3158 786 3227; x_wconf 70' lang='lat' dir='ltr'>BentleJo</span> <span class='ocrx_word' id='word_1_254' title='bbox 797 3165 906 3212; x_wconf 85' lang='lat' dir='ltr'>enotare</span> <span class='ocrx_word' id='word_1_255' title='bbox 920 3165 1017 3226; x_wconf 78' lang='lat' dir='ltr'>puncto</span> <span class='ocrx_word' id='word_1_256' title='bbox 1030 3163 1094 3228; x_wconf 88' lang='lat' dir='ltr'>post</span> <span class='ocrx_word' id='word_1_257' title='bbox 1106 3161 1205 3212; x_wconf 83' lang='lat' dir='ltr'>setores</span> <span class='ocrx_word' id='word_1_258' title='bbox 1217 3158 1307 3227; x_wconf 87' lang='lat' dir='ltr'>posito</span> <span class='ocrx_word' id='word_1_259' title='bbox 1323 3165 1352 3212; x_wconf 88' lang='lat' dir='ltr'>st</span> <span class='ocrx_word' id='word_1_260' title='bbox 1364 3157 1501 3232; x_wconf 76' lang='lat' dir='ltr'>scripture</span> 
     </span>
     <span class='ocr_line' id='line_1_27' title="bbox 365 3228 1500 3314; baseline -0.001 -18"><span class='ocrx_word' id='word_1_261' title='bbox 365 3240 548 3296; x_wconf 74' lang='lat' dir='ltr'>medicandum</span> <span class='ocrx_word' id='word_1_262' title='bbox 571 3249 680 3296; x_wconf 79' lang='lat' dir='ltr'>servate</span> <span class='ocrx_word' id='word_1_263' title='bbox 703 3228 778 3297; x_wconf 69' lang='lat' dir='ltr'>hano</span> <span class='ocrx_word' id='word_1_264' title='bbox 797 3241 987 3296; x_wconf 88' lang='lat' dir='ltr'>sententiarum</span> <span class='ocrx_word' id='word_1_265' title='bbox 1015 3242 1226 3314; x_wconf 76' lang='lat' dir='ltr'>progressionem</span> <span class='ocrx_word' id='word_1_266' title='bbox 1254 3260 1314 3297; x_wconf 89' lang='lat' dir='ltr'>esse</span> <span class='ocrx_word' id='word_1_267' title='bbox 1342 3243 1500 3314; x_wconf 84' lang='lat' dir='ltr'>opinentnrr</span> 
     </span>
     <span class='ocr_line' id='line_1_28' title="bbox 366 3323 1500 3399; baseline 0.004 -21"><span class='ocrx_word' id='word_1_268' title='bbox 366 3323 526 3394; x_wconf 83' lang='lat' dir='ltr'>„Maximum</span> <span class='ocrx_word' id='word_1_269' title='bbox 540 3328 573 3379; x_wconf 88' lang='lat' dir='ltr'>ad</span> <span class='ocrx_word' id='word_1_270' title='bbox 587 3327 669 3380; x_wconf 79' lang='lat' dir='ltr'>ritem</span> <span class='ocrx_word' id='word_1_271' title='bbox 683 3327 788 3382; x_wconf 78' lang='lat' dir='ltr'>boetem</span> <span class='ocrx_word' id='word_1_272' title='bbox 805 3327 857 3382; x_wconf 86' lang='lat' dir='ltr'>vim</span> <span class='ocrx_word' id='word_1_273' title='bbox 871 3329 966 3394; x_wconf 89' lang='lat' dir='ltr'>hebet,</span> <span class='ocrx_word' id='word_1_274' title='bbox 986 3327 1023 3395; x_wconf 86' lang='lat' dir='ltr'>ai,</span> <span class='ocrx_word' id='word_1_275' title='bbox 1046 3327 1117 3398; x_wconf 89' lang='lat' dir='ltr'>quod</span> <span class='ocrx_word' id='word_1_276' title='bbox 1131 3327 1216 3381; x_wconf 84' lang='lat' dir='ltr'>rideri</span> <span class='ocrx_word' id='word_1_277' title='bbox 1231 3327 1285 3397; x_wconf 83' lang='lat' dir='ltr'>via,</span> <span class='ocrx_word' id='word_1_278' title='bbox 1303 3345 1367 3381; x_wconf 82' lang='lat' dir='ltr'>vere</span> <span class='ocrx_word' id='word_1_279' title='bbox 1381 3329 1500 3399; x_wconf 82' lang='lat' dir='ltr'>sapiens,</span> 
     </span>
     <span class='ocr_line' id='line_1_29' title="bbox 365 3410 1500 3486; baseline 0.005 -25"><span class='ocrx_word' id='word_1_280' title='bbox 365 3426 431 3462; x_wconf 80' lang='lat' dir='ltr'>vere</span> <span class='ocrx_word' id='word_1_281' title='bbox 448 3410 531 3463; x_wconf 86' lang='lat' dir='ltr'>bonna</span> <span class='ocrx_word' id='word_1_282' title='bbox 552 3429 590 3466; x_wconf 87' lang='lat' dir='ltr'>es.</span> <span class='ocrx_word' id='word_1_283' title='bbox 621 3411 736 3466; x_wconf 84' lang='lat' dir='ltr'>Virtutis</span> <span class='ocrx_word' id='word_1_284' title='bbox 756 3413 823 3467; x_wconf 90' lang='lat' dir='ltr'>enim</span> <span class='ocrx_word' id='word_1_285' title='bbox 840 3411 969 3466; x_wconf 86' lang='lat' dir='ltr'>simniatio</span> <span class='ocrx_word' id='word_1_286' title='bbox 984 3421 1012 3465; x_wconf 90' lang='lat' dir='ltr'>te</span> <span class='ocrx_word' id='word_1_287' title='bbox 1026 3431 1077 3465; x_wconf 94' lang='lat' dir='ltr'>non</span> <span class='ocrx_word' id='word_1_288' title='bbox 1093 3423 1214 3483; x_wconf 83' lang='lat' dir='ltr'>praestat</span> <span class='ocrx_word' id='word_1_289' title='bbox 1228 3415 1350 3480; x_wconf 88' lang='lat' dir='ltr'>beatum,</span> <span class='ocrx_word' id='word_1_290' title='bbox 1373 3415 1427 3468; x_wconf 86' lang='lat' dir='ltr'>etsi</span> <span class='ocrx_word' id='word_1_291' title='bbox 1441 3415 1500 3486; x_wconf 91' lang='lat' dir='ltr'>opi-</span> 
     </span>
     <span class='ocr_line' id='line_1_30' title="bbox 365 3495 1499 3571; baseline 0.004 -23"><span class='ocrx_word' id='word_1_292' title='bbox 365 3495 443 3548; x_wconf 88' lang='lat' dir='ltr'>nione</span> <span class='ocrx_word' id='word_1_293' title='bbox 458 3495 532 3564; x_wconf 80' lang='lat' dir='ltr'>vulgi</span> <span class='ocrx_word' id='word_1_294' title='bbox 547 3505 658 3550; x_wconf 85' lang='lat' dir='ltr'>externa</span> <span class='ocrx_word' id='word_1_295' title='bbox 671 3497 772 3567; x_wconf 86' lang='lat' dir='ltr'>speeie,</span> <span class='ocrx_word' id='word_1_296' title='bbox 788 3515 864 3569; x_wconf 86' lang='lat' dir='ltr'>quem</span> <span class='ocrx_word' id='word_1_297' title='bbox 879 3497 1013 3563; x_wconf 84' lang='lat' dir='ltr'>mentiris,</span> <span class='ocrx_word' id='word_1_298' title='bbox 1029 3498 1147 3566; x_wconf 87' lang='lat' dir='ltr'>delusus,</span> <span class='ocrx_word' id='word_1_299' title='bbox 1161 3500 1256 3552; x_wconf 85' lang='lat' dir='ltr'>beatas</span> <span class='ocrx_word' id='word_1_300' title='bbox 1270 3499 1403 3567; x_wconf 83' lang='lat' dir='ltr'>habentis,</span> <span class='ocrx_word' id='word_1_301' title='bbox 1417 3507 1499 3571; x_wconf 87' lang='lat' dir='ltr'>teque</span> 
     </span>
     <span class='ocr_line' id='line_1_31' title="bbox 363 3577 1501 3655; baseline 0.004 -21"><span class='ocrx_word' id='word_1_302' title='bbox 363 3579 415 3634; x_wconf 82' lang='lat' dir='ltr'>lne</span> <span class='ocrx_word' id='word_1_303' title='bbox 426 3577 487 3648; x_wconf 84' lang='lat' dir='ltr'>ipse</span> <span class='ocrx_word' id='word_1_304' title='bbox 505 3582 577 3650; x_wconf 76' lang='lat' dir='ltr'>vulgi</span> <span class='ocrx_word' id='word_1_305' title='bbox 594 3583 787 3637; x_wconf 77' lang='lat' dir='ltr'>existimatione</span> <span class='ocrx_word' id='word_1_306' title='bbox 800 3585 924 3638; x_wconf 83' lang='lat' dir='ltr'>inductos</span> <span class='ocrx_word' id='word_1_307' title='bbox 939 3583 1091 3650; x_wconf 81' lang='lat' dir='ltr'>frustreris,</span> <span class='ocrx_word' id='word_1_308' title='bbox 1112 3593 1192 3655; x_wconf 86' lang='lat' dir='ltr'>atque</span> <span class='ocrx_word' id='word_1_309' title='bbox 1205 3583 1267 3639; x_wconf 89' lang='lat' dir='ltr'>inde</span> <span class='ocrx_word' id='word_1_310' title='bbox 1288 3583 1365 3638; x_wconf 86' lang='lat' dir='ltr'>laude</span> <span class='ocrx_word' id='word_1_311' title='bbox 1387 3585 1452 3640; x_wconf 90' lang='lat' dir='ltr'>boni</span> <span class='ocrx_word' id='word_1_312' title='bbox 1471 3591 1501 3640; x_wconf 89' lang='lat' dir='ltr'>et</span> 
     </span>
     <span class='ocr_line' id='line_1_32' title="bbox 364 3663 1499 3740; baseline 0.006 -23"><span class='ocrx_word' id='word_1_313' title='bbox 364 3665 493 3735; x_wconf 78' lang='lat' dir='ltr'>sepientis</span> <span class='ocrx_word' id='word_1_314' title='bbox 508 3663 575 3736; x_wconf 86' lang='lat' dir='ltr'>riri,</span> <span class='ocrx_word' id='word_1_315' title='bbox 591 3684 667 3738; x_wconf 85' lang='lat' dir='ltr'>qnam</span> <span class='ocrx_word' id='word_1_316' title='bbox 682 3669 733 3723; x_wconf 87' lang='lat' dir='ltr'>tibi</span> <span class='ocrx_word' id='word_1_317' title='bbox 746 3668 881 3740; x_wconf 88' lang='lat' dir='ltr'>impertit,</span> <span class='ocrx_word' id='word_1_318' title='bbox 894 3670 1012 3739; x_wconf 89' lang='lat' dir='ltr'>impense</span> <span class='ocrx_word' id='word_1_319' title='bbox 1026 3668 1177 3724; x_wconf 84' lang='lat' dir='ltr'>delecteris.</span> <span class='ocrx_word' id='word_1_320' title='bbox 1215 3669 1312 3740; x_wconf 79' lang='lat' dir='ltr'>Atqui,</span> <span class='ocrx_word' id='word_1_321' title='bbox 1327 3671 1351 3724; x_wconf 84' lang='lat' dir='ltr'>si</span> <span class='ocrx_word' id='word_1_322' title='bbox 1365 3669 1423 3724; x_wconf 87' lang='lat' dir='ltr'>isus</span> <span class='ocrx_word' id='word_1_323' title='bbox 1437 3671 1499 3739; x_wconf 82' lang='lat' dir='ltr'>iste,</span> 
     </span>
     <span class='ocr_line' id='line_1_33' title="bbox 364 3747 1500 3824; baseline 0.005 -20"><span class='ocrx_word' id='word_1_324' title='bbox 364 3767 432 3822; x_wconf 89' lang='lat' dir='ltr'>qnae</span> <span class='ocrx_word' id='word_1_325' title='bbox 445 3747 496 3802; x_wconf 88' lang='lat' dir='ltr'>tibi</span> <span class='ocrx_word' id='word_1_326' title='bbox 511 3767 563 3806; x_wconf 89' lang='lat' dir='ltr'>non</span> <span class='ocrx_word' id='word_1_327' title='bbox 576 3754 690 3808; x_wconf 83' lang='lat' dir='ltr'>merenti</span> <span class='ocrx_word' id='word_1_328' title='bbox 704 3756 827 3809; x_wconf 88' lang='lat' dir='ltr'>ruborem</span> <span class='ocrx_word' id='word_1_329' title='bbox 841 3761 965 3810; x_wconf 78' lang='lat' dir='ltr'>excutere</span> <span class='ocrx_word' id='word_1_330' title='bbox 988 3755 1115 3822; x_wconf 86' lang='lat' dir='ltr'>deberet,</span> <span class='ocrx_word' id='word_1_331' title='bbox 1138 3771 1256 3824; x_wconf 75' lang='lat' dir='ltr'>magnum</span> <span class='ocrx_word' id='word_1_332' title='bbox 1272 3755 1324 3809; x_wconf 89' lang='lat' dir='ltr'>tibi</span> <span class='ocrx_word' id='word_1_333' title='bbox 1341 3754 1500 3810; x_wconf 83' lang='lat' dir='ltr'>delectatio·</span> 
     </span>
     <span class='ocr_line' id='line_1_34' title="bbox 363 3836 1500 3911; baseline 0.006 -23"><span class='ocrx_word' id='word_1_334' title='bbox 363 3853 421 3891; x_wconf 91' lang='lat' dir='ltr'>nsm</span> <span class='ocrx_word' id='word_1_335' title='bbox 439 3836 532 3889; x_wconf 72' lang='lat' dir='ltr'>efferte</span> <span class='ocrx_word' id='word_1_336' title='bbox 557 3837 617 3892; x_wconf 87' lang='lat' dir='ltr'>fieri</span> <span class='ocrx_word' id='word_1_337' title='bbox 631 3857 683 3891; x_wconf 92' lang='lat' dir='ltr'>non</span> <span class='ocrx_word' id='word_1_338' title='bbox 698 3847 801 3910; x_wconf 86' lang='lat' dir='ltr'>potest,</span> <span class='ocrx_word' id='word_1_339' title='bbox 824 3843 887 3911; x_wconf 88' lang='lat' dir='ltr'>quio</span> <span class='ocrx_word' id='word_1_340' title='bbox 908 3841 1062 3910; x_wconf 88' lang='lat' dir='ltr'>opprobriis</span> <span class='ocrx_word' id='word_1_341' title='bbox 1083 3839 1111 3894; x_wconf 90' lang='lat' dir='ltr'>in</span> <span class='ocrx_word' id='word_1_342' title='bbox 1130 3846 1158 3892; x_wconf 85' lang='lat' dir='ltr'>ts</span> <span class='ocrx_word' id='word_1_343' title='bbox 1179 3839 1318 3910; x_wconf 83' lang='lat' dir='ltr'>conjectis,</span> <span class='ocrx_word' id='word_1_344' title='bbox 1341 3842 1394 3894; x_wconf 87' lang='lat' dir='ltr'>etsi</span> <span class='ocrx_word' id='word_1_345' title='bbox 1415 3841 1500 3910; x_wconf 86' lang='lat' dir='ltr'>ialsis,</span> 
     </span>
     <span class='ocr_line' id='line_1_35' title="bbox 362 3922 1500 3995; baseline 0.004 -19"><span class='ocrx_word' id='word_1_346' title='bbox 362 3922 498 3976; x_wconf 79' lang='lat' dir='ltr'>contrario</span> <span class='ocrx_word' id='word_1_347' title='bbox 521 3923 597 3977; x_wconf 89' lang='lat' dir='ltr'>modo</span> <span class='ocrx_word' id='word_1_348' title='bbox 620 3923 755 3990; x_wconf 80' lang='lat' dir='ltr'>efficiere3</span> <span class='ocrx_word' id='word_1_349' title='bbox 781 3925 852 3995; x_wconf 91' lang='lat' dir='ltr'>quod</span> <span class='ocrx_word' id='word_1_350' title='bbox 871 3925 1027 3980; x_wconf 86' lang='lat' dir='ltr'>documento</span> <span class='ocrx_word' id='word_1_351' title='bbox 1047 3933 1105 3992; x_wconf 88' lang='lat' dir='ltr'>est,</span> <span class='ocrx_word' id='word_1_352' title='bbox 1128 3925 1238 3978; x_wconf 87' lang='lat' dir='ltr'>enimnm</span> <span class='ocrx_word' id='word_1_353' title='bbox 1258 3943 1274 3979; x_wconf 87' lang='lat' dir='ltr'>a</span> <span class='ocrx_word' id='word_1_354' title='bbox 1294 3925 1367 3994; x_wconf 73' lang='lat' dir='ltr'>vulgi</span> <span class='ocrx_word' id='word_1_355' title='bbox 1386 3925 1500 3980; x_wconf 78' lang='lat' dir='ltr'>levitate</span> 
     </span>
     <span class='ocr_line' id='line_1_36' title="bbox 361 4008 1501 4080; baseline 0.002 -18"><span class='ocrx_word' id='word_1_356' title='bbox 361 4009 522 4080; x_wconf 86' lang='lat' dir='ltr'>pendentem</span> <span class='ocrx_word' id='word_1_357' title='bbox 543 4008 622 4078; x_wconf 77' lang='lat' dir='ltr'>longe</span> <span class='ocrx_word' id='word_1_358' title='bbox 643 4010 729 4063; x_wconf 83' lang='lat' dir='ltr'>adhuc</span> <span class='ocrx_word' id='word_1_359' title='bbox 752 4028 768 4062; x_wconf 86' lang='lat' dir='ltr'>e</span> <span class='ocrx_word' id='word_1_360' title='bbox 790 4009 922 4080; x_wconf 84' lang='lat' dir='ltr'>sapientie</span> <span class='ocrx_word' id='word_1_361' title='bbox 945 4013 1040 4064; x_wconf 84' lang='lat' dir='ltr'>abesse</span> <span class='ocrx_word' id='word_1_362' title='bbox 1056 4029 1088 4064; x_wconf 86' lang='lat' dir='ltr'>ee</span> <span class='ocrx_word' id='word_1_363' title='bbox 1108 4010 1282 4064; x_wconf 75' lang='lat' dir='ltr'>medicatione</span> <span class='ocrx_word' id='word_1_364' title='bbox 1301 4012 1414 4080; x_wconf 81' lang='lat' dir='ltr'>egere.“</span> <span class='ocrx_word' id='word_1_365' title='bbox 1458 4013 1501 4064; x_wconf 80' lang='lat' dir='ltr'>ite</span> 
     </span>
     <span class='ocr_line' id='line_1_37' title="bbox 361 4091 1500 4166; baseline 0.003 -18"><span class='ocrx_word' id='word_1_366' title='bbox 361 4093 588 4152; x_wconf 78' lang='lat' dir='ltr'>Miteeberliotiue.</span> <span class='ocrx_word' id='word_1_367' title='bbox 623 4091 654 4149; x_wconf 86' lang='lat' dir='ltr'>in</span> <span class='ocrx_word' id='word_1_368' title='bbox 676 4095 727 4150; x_wconf 85' lang='lat' dir='ltr'>boo</span> <span class='ocrx_word' id='word_1_369' title='bbox 748 4095 938 4150; x_wconf 82' lang='lat' dir='ltr'>sententiarum</span> <span class='ocrx_word' id='word_1_370' title='bbox 956 4096 1049 4150; x_wconf 90' lang='lat' dir='ltr'>ordine</span> <span class='ocrx_word' id='word_1_371' title='bbox 1068 4096 1204 4166; x_wconf 85' lang='lat' dir='ltr'>scriptura</span> <span class='ocrx_word' id='word_1_372' title='bbox 1224 4097 1376 4150; x_wconf 79' lang='lat' dir='ltr'>mendaeem</span> <span class='ocrx_word' id='word_1_373' title='bbox 1396 4101 1500 4151; x_wconf 86' lang='lat' dir='ltr'>tentum</span> 
     </span>
     <span class='ocr_line' id='line_1_38' title="bbox 361 4177 1499 4250; baseline 0.002 -16"><span class='ocrx_word' id='word_1_374' title='bbox 361 4185 470 4234; x_wconf 74' lang='lat' dir='ltr'>nrrnts</span> <span class='ocrx_word' id='word_1_375' title='bbox 483 4181 657 4249; x_wconf 80' lang='lat' dir='ltr'>praeiverant</span> <span class='ocrx_word' id='word_1_376' title='bbox 671 4181 823 4250; x_wconf 74' lang='lat' dir='ltr'>bondinus,</span> <span class='ocrx_word' id='word_1_377' title='bbox 845 4182 975 4249; x_wconf 69' lang='lat' dir='ltr'>fimatur,</span> <span class='ocrx_word' id='word_1_378' title='bbox 995 4181 1050 4236; x_wconf 87' lang='lat' dir='ltr'>elii.</span> <span class='ocrx_word' id='word_1_379' title='bbox 1079 4181 1141 4250; x_wconf 76' lang='lat' dir='ltr'>Alii,</span> <span class='ocrx_word' id='word_1_380' title='bbox 1156 4189 1187 4234; x_wconf 91' lang='lat' dir='ltr'>nt</span> <span class='ocrx_word' id='word_1_381' title='bbox 1200 4179 1351 4236; x_wconf 72' lang='lat' dir='ltr'>Dintssras</span> <span class='ocrx_word' id='word_1_382' title='bbox 1363 4182 1405 4250; x_wconf 87' lang='lat' dir='ltr'>(p.</span> <span class='ocrx_word' id='word_1_383' title='bbox 1421 4177 1499 4250; x_wconf 75' lang='lat'>4⁵2),</span> 
     </span>
     <span class='ocr_line' id='line_1_39' title="bbox 360 4265 1498 4338; baseline 0.002 -20"><span class='ocrx_word' id='word_1_384' title='bbox 360 4281 412 4336; x_wconf 87' lang='lat' dir='ltr'>pro</span> <span class='ocrx_word' id='word_1_385' title='bbox 423 4266 516 4318; x_wconf 83' lang='lat' dir='ltr'>sedem</span> <span class='ocrx_word' id='word_1_386' title='bbox 527 4267 663 4336; x_wconf 85' lang='lat' dir='ltr'>scripturn</span> <span class='ocrx_word' id='word_1_387' title='bbox 672 4266 865 4336; x_wconf 73' lang='lat' dir='ltr'>pugnacissime</span> <span class='ocrx_word' id='word_1_388' title='bbox 876 4273 1075 4338; x_wconf 73' lang='lat' dir='ltr'>propugnantes</span> <span class='ocrx_word' id='word_1_389' title='bbox 1088 4267 1187 4320; x_wconf 85' lang='lat' dir='ltr'>reetins</span> <span class='ocrx_word' id='word_1_390' title='bbox 1202 4265 1308 4337; x_wconf 87' lang='lat' dir='ltr'>quidem</span> <span class='ocrx_word' id='word_1_391' title='bbox 1321 4265 1498 4335; x_wconf 74' lang='lat' dir='ltr'>distinguunt,</span> 
     </span>
     <span class='ocr_line' id='line_1_40' title="bbox 362 4351 1499 4423; baseline 0.004 -20"><span class='ocrx_word' id='word_1_392' title='bbox 362 4351 425 4418; x_wconf 89' lang='lat' dir='ltr'>esd,</span> <span class='ocrx_word' id='word_1_393' title='bbox 446 4351 510 4422; x_wconf 86' lang='lat' dir='ltr'>qnia</span> <span class='ocrx_word' id='word_1_394' title='bbox 530 4351 603 4422; x_wconf 82' lang='lat' dir='ltr'>perti</span> <span class='ocrx_word' id='word_1_395' title='bbox 622 4353 755 4406; x_wconf 74' lang='lat' dir='ltr'>tenaciter</span> <span class='ocrx_word' id='word_1_396' title='bbox 774 4353 921 4406; x_wconf 83' lang='lat' dir='ltr'>adbaerent</span> <span class='ocrx_word' id='word_1_397' title='bbox 942 4361 1027 4406; x_wconf 84' lang='lat' dir='ltr'>totum</span> <span class='ocrx_word' id='word_1_398' title='bbox 1049 4351 1280 4423; x_wconf 83' lang='lat' dir='ltr'>derelinquentes,</span> <span class='ocrx_word' id='word_1_399' title='bbox 1305 4353 1374 4406; x_wconf 77' lang='lat' dir='ltr'>vim</span> <span class='ocrx_word' id='word_1_400' title='bbox 1392 4351 1499 4407; x_wconf 75' lang='lat' dir='ltr'>deviem</span> 
     </span>
     <span class='ocr_line' id='line_1_41' title="bbox 361 4436 1499 4509; baseline 0.004 -23"><span class='ocrx_word' id='word_1_401' title='bbox 361 4436 438 4506; x_wconf 80' lang='lat' dir='ltr'>sequi</span> <span class='ocrx_word' id='word_1_402' title='bbox 456 4437 581 4492; x_wconf 87' lang='lat' dir='ltr'>esusendi</span> <span class='ocrx_word' id='word_1_403' title='bbox 595 4444 666 4490; x_wconf 85' lang='lat' dir='ltr'>sunt.</span> <span class='ocrx_word' id='word_1_404' title='bbox 695 4438 830 4509; x_wconf 87' lang='lat' dir='ltr'>Optimam</span> <span class='ocrx_word' id='word_1_405' title='bbox 844 4446 931 4492; x_wconf 85' lang='lat' dir='ltr'>antem</span> <span class='ocrx_word' id='word_1_406' title='bbox 947 4437 1165 4509; x_wconf 77' lang='lat' dir='ltr'>interpretem&#39;in</span> <span class='ocrx_word' id='word_1_407' title='bbox 1178 4438 1248 4492; x_wconf 85' lang='lat' dir='ltr'>euris</span> <span class='ocrx_word' id='word_1_408' title='bbox 1262 4438 1385 4493; x_wconf 80' lang='lat' dir='ltr'>secundis</span> <span class='ocrx_word' id='word_1_409' title='bbox 1402 4438 1435 4491; x_wconf 91' lang='lat' dir='ltr'>de</span> <span class='ocrx_word' id='word_1_410' title='bbox 1450 4455 1499 4508; x_wconf 85' lang='lat' dir='ltr'>pe·</span> 
     </span>
     <span class='ocr_line' id='line_1_42' title="bbox 360 4519 1500 4594; baseline 0.005 -22"><span class='ocrx_word' id='word_1_411' title='bbox 360 4519 475 4574; x_wconf 71' lang='lat' dir='ltr'>moninio</span> <span class='ocrx_word' id='word_1_412' title='bbox 490 4537 571 4575; x_wconf 81' lang='lat' dir='ltr'>verse</span> <span class='ocrx_word' id='word_1_413' title='bbox 585 4521 737 4593; x_wconf 80' lang='lat' dir='ltr'>scripturae</span> <span class='ocrx_word' id='word_1_414' title='bbox 750 4541 781 4578; x_wconf 88' lang='lat' dir='ltr'>ss</span> <span class='ocrx_word' id='word_1_415' title='bbox 794 4524 877 4594; x_wconf 68' lang='lat' dir='ltr'>delini</span> <span class='ocrx_word' id='word_1_416' title='bbox 889 4539 994 4593; x_wconf 86' lang='lat' dir='ltr'>pessum</span> <span class='ocrx_word' id='word_1_417' title='bbox 1008 4541 1068 4578; x_wconf 88' lang='lat' dir='ltr'>esse</span> <span class='ocrx_word' id='word_1_418' title='bbox 1087 4523 1111 4577; x_wconf 88' lang='lat' dir='ltr'>si</span> <span class='ocrx_word' id='word_1_419' title='bbox 1131 4541 1182 4577; x_wconf 85' lang='lat' dir='ltr'>non</span> <span class='ocrx_word' id='word_1_420' title='bbox 1201 4541 1282 4593; x_wconf 79' lang='lat' dir='ltr'>segre</span> <span class='ocrx_word' id='word_1_421' title='bbox 1299 4525 1454 4592; x_wconf 79' lang='lat' dir='ltr'>terendum,</span> <span class='ocrx_word' id='word_1_422' title='bbox 1471 4529 1500 4578; x_wconf 83' lang='lat' dir='ltr'>st</span> 
     </span>
     <span class='ocr_line' id='line_1_43' title="bbox 360 4605 655 4662; baseline 0.017 -4"><span class='ocrx_word' id='word_1_423' title='bbox 360 4613 436 4658; x_wconf 86' lang='lat' dir='ltr'>esrte</span> <span class='ocrx_word' id='word_1_424' title='bbox 448 4605 590 4662; x_wconf 85' lang='lat' dir='ltr'>dolendum</span> <span class='ocrx_word' id='word_1_425' title='bbox 604 4613 655 4662; x_wconf 82' lang='lat' dir='ltr'>est.</span> 
     </span>
    </p>
   </div>
   <div class='ocr_carea' id='block_1_6' title="bbox 0 0 1694 5321">
    <p class='ocr_par' dir='ltr' id='par_1_6' title="bbox 0 0 1694 5321">
     <span class='ocr_line' id='line_1_44' title="bbox 0 0 1694 5321; baseline 0 0"><span class='ocrx_word' id='word_1_426' title='bbox 0 0 1694 5321; x_wconf 95' lang='lat' dir='ltr'> </span> 
     </span>
    </p>
   </div>
  </div>
 </body>
</html>
