3420 5332
372 487 436 552 480
467 484 970 550 commurmurantes.
999 485 1124 546 EPlST.
1139 483 1450 547 DUODEVIGESIM.
1482 491 1521 551 82

373 660 513 738 voluptas
524 699 535 730 ,
555 657 631 717 conl.
653 658 714 716 Cic.
734 657 824 719 Tusc.
840 657 870 733 5,
884 655 939 732 88,
960 652 1010 720 94.
1033 661 1063 714 et
1082 673 1148 716 ann.
1168 657 1206 714 ad
1226 658 1258 731 2,
1283 655 1334 718 55.
1367 655 1444 716 Hinc
1464 656 1523 714 lru-

372 771 435 823 stra
450 768 532 837 sont,
552 759 600 838 qui
621 764 653 818 ut
671 760 781 817 Ianira
793 766 913 838 propter
932 757 1022 819 rerba
1041 757 1190 834 sequentia
1206 757 1313 834 jactum
1333 757 1453 818 Veneris
1472 757 1523 834 (0.

372 863 455 923 Julru.
480 865 517 921 ad
539 859 622 920 Pers.
642 861 675 937 3,
697 858 750 923 49.
776 866 805 920 et
828 859 931 924 Loers.
957 859 994 918 ed
1021 858 1106 920 Ovid.
1129 859 1157 918 T
1159 860 1218 918 risi.
1242 861 1273 931 2,
1294 853 1381 938 474)
1408 859 1524 935 intelligi

371 965 496 1038 molunt,
516 981 676 1040 quanquam
698 963 735 1021 de
754 962 872 1022 tesseris
894 960 938 1020 vel
958 961 1023 1020 tulis
1040 960 1125 1020 Antb.
1138 961 1188 1018 lut.
1208 961 1240 1036 3,
1263 963 1316 1038 77,
1338 962 1388 1024 11.
1410 961 1522 1018 riatur:

373 1065 513 1126 Paeniteat
532 1085 554 1122 a
569 1063 673 1122 mullis
690 1064 779 1122 avide
799 1063 948 1122 damnosa
961 1062 1111 1140 voluptas.
1128 1095 1170 1106 -
1181 1082 1326 1138 praecepa
1345 1061 1415 1120 alsa
1429 1060 1523 1119 55515

372 1175 493 1248 propter
514 1167 684 1246 pcricrslum,
710 1185 747 1224 ne
766 1186 814 1226 res
836 1165 1048 1244 qualiscumque
1071 1170 1117 1224 est
1137 1165 1288 1228 dilabatur.
1330 1163 1424 1222 Nimis
1442 1163 1523 1220 anne

377 1273 548 1350 Crispulus,
577 1287 659 1348 quem
687 1273 844 1345 sequuntur
870 1266 1029 1326 Hoclreder
1048 1275 1077 1328 et
1106 1265 1257 1336 Orells'aa,
1287 1264 1523 1344 ,5515551515-

372 1381 468 1434 ruento
493 1375 669 1452 depauperet
687 1369 819 1430 lusorem.
827 1369 849 1406 “
888 1369 953 1438 Quo
973 1372 1036 1448 jure
1063 1368 1235 1430 Lamlosus
1263 1368 1417 1448 Epitheton
1432 1385 1523 1442 prae-

373 1495 442 1553 ceps
460 1476 661 1554 „aptissimum
685 1471 723 1529 ad
750 1471 829 1530 alem
845 1472 975 1549 jactum“
997 1475 1090 1549 dicat,
1118 1472 1200 1532 lnclle
1225 1470 1408 1546 intelligitur,
1431 1485 1522 1543 neque

373 1579 522 1655 quisquam
544 1572 742 1653 comprobabit
761 1571 1000 1654 Habnseldrms,
1026 1576 1070 1634 cui
1091 1594 1236 1652 praeceps
1253 1572 1323 1630 alsa
1347 1579 1408 1644 est,
1428 1567 1522 1646 „aleta

373 1682 409 1738 sd
430 1699 514 1757 quam
533 1693 674 1756 praeceps
693 1676 784 1735 fertur
808 1683 842 1736 ut
861 1678 922 1740 Sat.
948 1682 982 1753 l,
1003 1676 1039 1751 4,
1060 1676 1112 1740 30·
1133 1677 1213 1740 31.“
1248 1675 1348 1734 Potius
1365 1671 1521 1740 dicendum,

373 1782 451 1840 aleae
472 1782 535 1839 lusu
554 1778 680 1836 homines
700 1779 871 1858 praecipites
892 1780 988 1852 abire,
1013 1781 1033 1844 1.
1059 1797 1088 1838 e.
1115 1779 1304 1857 pessumdari.
1344 1774 1429 1834 Conf.
1450 1773 1521 1832 ller-

373 1903 438 1960 555.
460 1879 676 1941 5118511051.
698 1881 754 1955 28,
776 1879 806 1943 4.
830 1881 923 1940 Kritz.
946 1884 983 1940 ral
1011 1882 1069 1952 37,
1096 1879 1126 1943 4.
1167 1879 1327 1938 Commode
1353 1875 1522 1936 Salaminius

373 1989 521 2062 comparat
537 1982 595 2041 Od·
612 1983 642 2056 2,
666 1983 696 2059 1,
714 1985 744 2045 6.
774 1983 965 2042 Periculosae
978 1983 1104 2062 plemen
1119 2001 1194 2059 opus
1208 1983 1314 2050 aleae,
1332 1998 1431 2058 parum
1447 1983 1522 2036 recte.

373 2085 551 2153 Hoclreder,
581 2084 630 2161 qui
655 2084 691 2142 de
718 2085 824 2142 morbis
846 2086 937 2144 scutis
963 2085 1087 2162 cogitat,
1113 2086 1173 2148 Sat.
1196 2086 1235 2160 2,
1255 2085 1296 2160 3,
1318 2083 1390 2146 293.
1421 2080 1524 2156 Neque

375 2187 556 2247 consentiunt
573 2187 743 2264 interpretes
762 2187 898 2246 Germani
919 2191 950 2245 ut
973 2185 1122 2244 8515115.-
1145 2187 1219 2263 „der
1239 2185 1362 2244 fallendo
1380 2181 1523 2240 Wrirt'el.“

374 2295 405 2346 ut
427 2289 458 2346 J.
482 2287 612 2346 Merkel:
637 2289 712 2365 „der
732 2288 903 2364 gelibrlicbe
916 2287 1059 2348 Wrirfel.“
1090 2287 1135 2348 De
1151 2289 1215 2366 lege
1230 2287 1417 2348 talariacont'.
1438 2283 1522 2344 Torr.

374 2391 411 2448 ad
431 2389 490 2448 οι1.
511 2391 543 2466 3,
566 2389 617 2465 24,
638 2391 687 2454 58.
724 2390 832 2450 Rader.
853 2389 892 2450 sd
910 2389 995 2448 Mart.
1016 2392 1055 2465 5,
1077 2387 1147 2468 (81)
1169 2390 1228 2466 85,
1251 2389 1282 2454 5.
1310 2387 1362 2463 14,
1385 2389 1422 2463 1,
1443 2387 1474 2450 8.
1495 2394 1523 2446 et

375 2491 489 2550 omnino
510 2493 630 2571 Rupert.
651 2499 681 2552 et
703 2491 803 2550 Heiur.
824 2489 861 2550 sd
882 2489 948 2550 Juv.
971 2493 998 2567 1,
1020 2493 1071 2554 87.
1097 2496 1148 2568 11,
1177 2492 1237 2556 181
1259 2511 1303 2568 sq.
1332 2488 1402 2553 174.
1423 2488 1525 2549 Loers·

376 2594 412 2651 ad
435 2593 521 2655 Ovid.
542 2595 633 2656 Trist.
658 2597 696 2670 2,
719 2592 793 2656 471.
816 2591 937 2651 Becker.
948 2592 978 2670 *)
1000 2593 1038 2651 sd
1059 2594 1133 2652 Gall.
1158 2595 1193 2654 11.
1214 2614 1245 2672 p.
1265 2594 1328 2659 220
1349 2611 1415 2670 sqq.

458 2693 494 2753 V.
510 2695 560 2760 22.
595 2695 702 2753 Gloria
719 2697 985 2774 quem—unguit.
1019 2695 1135 2756 Gloriae
1152 2715 1246 2773 amor,
1263 2715 1347 2773 quem
1362 2695 1466 2754 Graeci
1481 2693 1523 2752 vel

374 2798 566 2873 κενοδοξίαν,
588 2799 632 2857 vel
657 2799 825 2881 slavauclas
853 2796 987 2876 (trista.
1008 2797 1100 2858 Etbic.
1125 2801 1161 2874 2,
1184 2802 1221 2871 7,
1238 2799 1298 2876 6.),
1326 2797 1520 2857 1511515155-

375 2899 500 2956 lenu'am
527 2899 647 2976 (1115551.
674 2902 712 2960 sd
733 2900 794 2958 Cic.
823 2899 916 2978 Epist
943 2902 980 2959 ad
1003 2899 1125 2974 11159,
1149 2901 1205 2976 20,
1225 2897 1269 2976 5.)
1297 2908 1401 2960 vocant
1420 2902 1523 2978 quiquo

374 3021 460 3080 supra
481 3002 630 3060 facultates
651 3003 755 3060 vestitu
776 3009 805 3062 et
825 3004 976 3080 unguentis
992 3003 1034 3061 uti
1052 3000 1151 3080 jubet,
1178 3019 1236 3058 nou
1260 3001 1422 3062 lautissimis
1444 3004 1523 3076 cibis,

374 3123 447 3178 quos
463 3104 608 3161 Maecilio
628 3111 744 3164 auctore
765 3103 811 3163 hic
830 3106 962 3183 intelligit
989 3105 1158 3164 Torrenluss
1176 3101 1241 3160 coll.
1260 3107 1311 3179 17,
1339 3106 1388 3168 12.
1421 3105 1524 3165 Intelli-

375 3205 451 3282 gitur
471 3205 573 3282 bomo,
593 3209 637 3265 cui
658 3203 757 3264 cultae
775 3209 873 3283 major
891 3228 980 3265 censu
1001 3214 1047 3266 est
1067 3205 1141 3284 (Sat.
1158 3207 1189 3280 2,
1204 3205 1235 3280 3,
1255 3205 1352 3284 323),
1373 3207 1417 3265 vel
1438 3227 1523 3286 quem

375 3317 475 3364 tenues
495 3307 616 3365 decuere
636 3317 723 3388 togae
744 3307 890 3389 nitidique
909 3309 1018 3387 capilli
1034 3308 1140 3388 (Epist.
1165 3304 1215 3382 14,
1237 3307 1314 3385 32.)
1347 3309 1418 3368 lude
1438 3310 1522 3369 Juve-

374 3409 431 3466 nal.
448 3410 478 3484 3,
493 3411 564 3472 180.
597 3411 662 3468 Hic
674 3408 757 3468 zazoa
772 3411 850 3468 vires
862 3409 984 3470 5551155
998 3415 1095 3468 nitor.-
1117 3409 1168 3468 lu'e
1181 3410 1304 3488 aliquid
1314 3410 1404 3488 plue,
1426 3413 1523 3489 Quam

374 3513 448 3568 saue
468 3523 518 3574 eal.
551 3512 642 3572 Plaut.
664 3511 752 3576 Herc.
774 3505 887 3591 prolog.
904 3515 955 3578 22,
984 3513 1051 3570 Nec
1068 3512 1124 3588 pol
1138 3512 1271 3592 prosecta
1285 3516 1447 3592 qrasquam
1462 3518 1523 3574 saise

371 3613 487 3691 grandi
506 3615 586 3672 malo
604 3615 778 3693 Praequam
798 3634 844 3672 res
859 3616 979 3691 patilw
995 3615 1111 3673 studieil
1125 3613 1300 3692 elegantiae.
1337 3615 1382 3676 De
1396 3635 1522 3692 ungnen-

374 3719 468 3773 torum
488 3715 596 3775 lusuria
613 3717 688 3776 conl.
708 3717 815 3794 Bottig.
837 3723 868 3776 et
889 3715 1002 3780 Mitscb.
1028 3719 1066 3777 ad
1086 3716 1144 3774 od.
1164 3717 1265 3792 4,12,
1289 3720 1337 3781 17.
1366 3719 1472 3777 Rader.
1486 3721 1521 3778 arl

373 3815 458 3875 Mart.
479 3819 534 3894 13,
555 3819 646 3896 (121)
669 3821 747 3894 126,
771 3821 799 3883 1.
819 3839 850 3898 p·
871 3818 944 3883 898.
977 3819 1052 3880 Hinc
1075 3817 1122 3878 illa
1149 3817 1308 3878 adhortatio
1334 3821 1410 3897 apud
1436 3819 1520 3884 Mart.

375 3922 406 3993 2,
424 3920 476 3996 59,
491 3920 523 3983 8.
554 3920 676 3999 Frange
692 3931 769 3980 tomo
776 3963 789 3992 ,
805 3922 979 3998 patavina,
1001 3943 1086 3980 rosae
1100 3941 1194 3998 cape,
1211 3923 1345 4000 uagante
1363 3921 1470 3986 nardo.
1481 3955 1523 3970 --

374 4017 409 4078 V.
430 4021 480 4084 23.
502 4021 568 4078 olas
588 4024 777 4101 importum,
798 4041 900 4100 „quae
920 4024 1057 4101 pecuniae
1079 4024 1210 4102 cupidum
1231 4025 1433 4101 conquiescere
1452 4043 1522 4084 nnn·

456 4279 485 4350 ⁸)
500 4279 685 4352 scriptoribus
694 4281 733 4336 lbi
747 4281 861 4336 laudatis
877 4281 948 4336 adds
961 4283 1046 4336 051511
1060 4284 1192 4354 Respous.
1209 4285 1244 4337 sd
1255 4281 1444 4346 Quaestionem
1458 4299 1522 4352 pro-

374 4369 501 4436 positam:
521 4367 585 4438 quid
601 4367 673 4432 ales,
695 4365 759 4439 quid
775 4368 877 4422 sleatm
891 4368 929 4420 sit
940 4368 968 4421 15
985 4369 1053 4422 lun.
1074 4367 1194 4423 Acadsm.
1208 4369 1330 4437 Trsjsct.
1346 4371 1416 4424 1817
1429 4397 1465 4408 -·
1479 4370 1521 4423 18.

373 4454 406 4504 A.
425 4453 455 4506 0.
474 4453 644 4506 musa.
661 4451 811 4507 Gbrsstom.
827 4455 881 4523 jur.
897 4455 992 4507 Horat.
1006 4471 1080 4525 spec
1100 4462 1170 4508 seut.
1185 4451 1259 4524 Lips.
1276 4456 1353 4510 18118.
1369 4471 1395 4523 p.
1412 4455 1445 4506 V.
1462 4471 1520 4524 sqq.

374 4545 402 4588 et
416 4553 483 4606 quos
493 4536 602 4591 laudaut
612 4537 734 4594 55555155
746 4538 765 4594 l.
781 4540 800 4592 l.
815 4549 843 4593 st
855 4539 963 4596 Belem
977 4540 1012 4594 sol
1026 4541 1084 4594 Cic.
1102 4539 1183 4594 orus.
1197 4542 1221 4609 1,
1236 4535 1280 4608 42,
1296 4537 1356 4593 150.
