3458 5318
354 455 398 522 74
460 459 743 522 commu
764 461 808 522 IN
828 460 999 524 nouem
1024 461 1144 524 Lm
1175 459 1299 525 erm.
1320 461 1411 525 nte.
1476 463 1518 529 74

355 653 387 728 2,
407 651 481 717 210.
510 650 603 706 nimio
620 651 705 727 plne.
737 647 846 710 Amob.
868 653 933 712 edu.
954 651 1045 710 Gent.
1073 648 1102 713 5.
1131 671 1161 729 p.
1192 649 1261 714 155.
1293 649 1430 710 misce
1444 649 1518 730 plur

354 753 457 812 mrruio.
498 751 564 810 Atio
590 751 774 830 supponent
799 749 890 810 Drek.
918 754 955 812 ad
975 752 1039 812 Liv.
1065 755 1096 828 2,
1117 753 1170 828 37,
1193 750 1224 816 4.
1262 756 1315 833 29,
1336 755 1390 832 33,
1411 751 1443 815 4.
1477 761 1516 830 et,

355 875 440 935 quem
462 853 561 912 laudet
578 851 791 931 Peerlkampius
813 853 880 929 1.1.,
901 853 1019 914 Juretue
1049 856 1086 914 ed
1108 855 1269 930 Symmeeh.
1287 855 1382 934 Epist.
1408 858 1445 932 1,
1466 855 1517 922 25.

355 958 430 1038 [31].
452 989 496 1002 -
518 954 552 1014 V.
574 954 625 1016 31.
650 953 688 1011 Si
707 954 784 1033 quid
798 953 965 1026 mirabere,
981 977 1078 1034 ponec
1096 959 1218 1020 invitree.
1237 959 1341 1018 Seuec.
1355 957 1517 1034 dequ.

355 1060 450 1118 Διὶω.
470 1058 501 1120 8.
540 1054 739 1114 lblerabiliree
764 1069 867 1116 autem
886 1069 932 1116 eet
944 1059 1147 1139 faciliusque,
1174 1079 1235 1118 non
1262 1061 1398 1138 accipere
1423 1077 1517 1137 quarn

355 1163 498 1220 amittere.
529 1158 659 1238 Ideoque
680 1158 814 1218 laetiores
835 1158 951 1220 ridebie
972 1181 1045 1239 quoe
1061 1181 1219 1241 nunquam
1232 1162 1362 1240 fortuna
1375 1160 1516 1237 respexit,

355 1281 450 1344 quarn
473 1280 548 1340 quoe
567 1261 704 1322 decencit.
744 1262 794 1322 Sic
815 1269 845 1322 et
866 1262 1093 1340 elegantissimus
1112 1282 1148 1322 cx
1172 1263 1347 1323 nostratibus
1368 1261 1516 1321 Lotiehiur

355 1369 385 1426 in
404 1365 487 1443 Eleg.
509 1368 538 1440 1,
560 1367 591 1440 2,
610 1361 661 1426 64.
695 1365 814 1422 Ponere
832 1363 956 1442 difficile
976 1376 1039 1434 eet,
1068 1385 1146 1444 quae
1167 1365 1310 1442 placuere
1334 1365 1400 1424 diu.
1441 1365 1516 1424 [bid.

355 1470 388 1546 5,
411 1470 464 1544 10,
485 1467 516 1528 6.
548 1463 594 1544 (5,
617 1463 668 1540 24,
696 1469 725 1529 6.
754 1467 800 1525 ed.
818 1465 974 1546 Friedem.)
1004 1467 1121 1525 Ponere
1147 1485 1202 1524 nee
1221 1466 1320 1544 facile
1347 1477 1409 1538 eet,
1439 1483 1517 1546 quae

350 1571 495 1652 placuere
514 1567 613 1627 cernel.
651 1569 801 1647 Ponere*)
822 1569 898 1628 em'm
916 1569 1055 1648 imprimie
1075 1569 1112 1627 de
1132 1568 1167 1628 iio
1188 1569 1307 1647 dicitur,
1337 1587 1412 1646 quoe
1433 1568 1515 1628 valde

354 1675 510 1734 amavimus
530 1675 562 1728 ut
580 1669 642 1728 Sat.
663 1671 694 1746 2,
717 1670 750 1746 3,
773 1671 824 1732 16.
862 1669 957 1750 Epist.
987 1675 1017 1747 1,
1044 1674 1074 1746 1,
1104 1670 1155 1732 10.
1186 1671 1237 1746 16,
1257 1669 1309 1732 35.
1344 1669 1445 1730 fletur.
1477 1669 1516 1728 ed

353 1777 419 1836 Juv.
440 1775 473 1850 3,
495 1772 545 1834 56.
569 1803 613 1816 -·-
642 1770 676 1828 V.
695 1772 748 1836 82.
782 1771 868 1851 Rege
895 1791 1010 1849 magna
1036 1779 1092 1830 eto.
1125 1771 1229 1850 „Fuge
1260 1773 1402 1848 honores,
1433 1791 1515 1850 oper,

353 1877 527 1959 potentian:
558 1873 644 1932 beato
671 1873 739 1932 ticet
767 1891 833 1932 esee
855 1876 994 1953 properi,
1080 1874 1153 1932 liber
1179 1884 1225 1934 eet
1255 1893 1275 1932 e
1295 1873 1514 1953 orpiditetibue:

354 1981 434 2058 quod
465 1968 640 2056 παράδοξον
668 1974 798 2036 Stoicum
824 1975 928 2036 tabella
943 1976 1071 2056 Aesopia
1097 1976 1287 2036 illustretur.“
1331 1977 1378 2034 Sic
1398 1975 1515 2053 quid·

360 2079 502 2140 Orelliae.
542 2075 581 2136 At
601 2079 755 2136 verendum
773 2081 836 2153 eet,
869 2097 906 2138 ne
925 2078 1066 2156 apologus
1088 2079 1137 2155 qui
1159 2081 1286 2156 sequitur
1305 2077 1370 2137 huic
1390 2077 1513 2155 explice-

353 2183 425 2244 ttoni
452 2197 552 2261 penem
579 2181 809 2245 accommodatus
840 2178 887 2238 eit.
939 2181 1124 2259 Quapropter
1150 2181 1231 2240 locus
1263 2182 1307 2239 ric
1331 2179 1515 2259 explicandus

355 2303 421 2345 eece
440 2282 566 2340 videtur:
587 2281 693 2358 „Fuge
709 2281 828 2358 [majora
842 2280 1018 2358 appetendo]
1041 2283 1185 2342 hominum
1199 2283 1394 2361 potentiorum
1410 2279 1516 2357 limine,

354 2386 409 2445 rub
426 2401 553 2463 paupere
576 2385 651 2442 enim
670 2389 748 2443 tecto
770 2381 821 2440 tihi
841 2383 938 2440 vivens
958 2382 1029 2460 ipeie
1049 2383 1167 2462 regibus
1187 2389 1273 2462 potes
1294 2403 1358 2444 esee
1372 2380 1518 2442 boetiorf‘

353 2489 387 2548 ln
405 2487 525 2548 eandem
546 2485 659 2561 quidem
682 2486 852 2546 senteutiam
873 2483 960 2542 Ouid.
989 2484 1080 2546 Triet.
1114 2487 1146 2563 3,
1177 2485 1207 2562 4,
1236 2482 1267 2566 4.
1318 2485 1393 2544 Vive
1413 2480 1469 2540 titi
1489 2492 1518 2540 et

353 2589 443 2669 longe
457 2587 580 2646 nomino
599 2605 713 2666 magna
724 2586 812 2665 suge.
846 2587 922 2644 Vive
937 2583 994 2644 tibi
1007 2598 1213 2666 quantumque
1226 2599 1313 2666 poteo
1330 2585 1517 2667 proeluetria

354 2695 430 2750 ora.
450 2691 553 2748 Seueo.
574 2686 662 2748 Herc.
684 2690 739 2747 fur.
758 2685 829 2750 164.
861 2686 921 2746 Ille
940 2687 1081 2767 eoperboe
1101 2691 1205 2748 edituo
1225 2711 1330 2769 regum
1351 2689 1516 2765 Duroeque

347 2796 452 2876 force,
487 2809 590 2868 erpere
608 2790 718 2860 wmni,
743 2791 823 2849 mor.
865 2791 974 2851 Horum
1004 2791 1125 2868 vestigia
1159 2798 1329 2872 presserunt
1355 2792 1515 2850 uuitutotee

353 2897 384 2956 in
408 2893 494 2954 Anto.
515 2893 565 2952 let.
586 2894 618 2968 3,
641 2887 692 2956 64.
735 2893 879 2972 Quicqme
898 2913 1000 2952 amore
1026 2893 1129 2953 volere
1153 2895 1248 2952 eolido
1276 2891 1461 2974 oonqallm
1488 2901 1518 2948 et

352 2999 421 3058 alta
442 2999 527 3056 Pace
540 2996 623 3076 frui,
656 2997 773 3069 majora
796 2997 876 3075 suge
900 3007 930 3052 et
957 2997 1048 3054 ηἰιηιζς
1080 2997 1146 3054 nlta
1167 3009 1290 3068 caveto,
1323 2997 1406 3074 Quin
1426 2995 1517 3052 ete'arre

353 3104 450 3162 vitm
464 3119 572 3178 parem
591 3131 636 3144 -
653 3097 806 3158 admoneo.
837 3099 910 3160 Ibid.
929 3101 961 3176 3,
986 3101 1036 3164 66.
1078 3099 1154 3157 Vive
1185 3109 1214 3158 et
1239 3101 1391 3158 amicitia
1410 3116 1517 3174 regare

347 3203 427 3283 suge
452 3235 495 3248 -
520 3202 596 3258 Vive
617 3209 646 3256 et
665 3203 817 3259 amicitiae
837 3203 931 3259 eximio
951 3199 1107 3276 splendore
1134 3201 1280 3270 nitentes,
1307 3201 1350 3258 Ee
1371 3198 1520 3278 quicquid

352 3301 464 3362 colitur
480 3304 675 3378 perspicerem
689 3301 803 3378 fugito.
836 3301 956 3376 161113,
972 3303 1023 3362 77.
1050 3300 1191 3380 Ingentes
1211 3303 1346 3360 domim
1366 3311 1396 3358 et
1412 3301 1517 3378 famae

354 3403 479 3462 nentina
499 3399 602 3458 clarae
623 3399 799 3480 Illmtrique
815 3421 926 3480 graece
947 3401 1101 3460 nobilitate
1121 3405 1222 3464 domoc
1245 3405 1360 3464 Deoida
1382 3414 1411 3460 et
1427 3402 1517 3482 longe

353 3507 443 3562 ciem
460 3501 530 3560 cole.
557 3503 683 3582 Epictet.
704 3501 783 3562 Dies.
806 3502 837 3578 4,
860 3507 891 3579 1,
919 3501 970 3565 46.
999 3503 1052 3566 47.
1091 3505 1173 3568 Hanc
1201 3507 1357 3566 czdturam
1385 3507 1517 3584 potentie

353 3606 459 3674 aunei,
481 3622 554 3681 quoe
575 3603 674 3664 dureo
694 3607 854 3683 inexperta
871 3605 965 3684 Epist.
988 3607 1039 3683 18,
1061 3609 1112 3672 86.
1140 3617 1272 3687 vocetur,
1302 3612 1435 3669 omittere
1455 3610 1515 3668 fere

352 3711 430 3768 idem
448 3712 493 3766 est
512 3707 589 3784 quod
604 3717 763 3784 potentum
783 3706 892 3765 limina
913 3708 1023 3778 vitare,
1051 3711 1088 3769 de
1115 3731 1172 3788 que
1204 3731 1236 3772 re
1262 3712 1327 3771 vide
1348 3713 1447 3769 Burm.
1477 3709 1515 3768 ed

352 3809 468 3874 Lotieh.
487 3809 572 3887 Eleg.
593 3809 624 3886 5,
649 3811 700 3887 17,
720 3811 772 3874 81.
795 3811 890 3870 earm.
915 3816 946 3889 1,
968 3813 1019 3888 16,
1043 3815 1093 3876 19.
1114 3813 1231 3874 touch.
1250 3815 1289 3872 ed
1313 3811 1409 3891 Epod.
1431 3813 1461 3886 2,
1484 3810 1514 3870 7.

438 4011 469 4088 1’)
490 4021 667 4090 Quapropter
686 4035 740 4072 noo
760 4019 831 4072 secio
852 4037 909 4074 eun
930 4018 1078 4088 Diruere,
1100 4019 1147 4090 qui
1167 4019 1300 4090 explicate
1323 4018 1429 4087 ‚,Penee
1441 4018 1515 4072 keou

353 4107 413 4165 hier
434 4107 510 4160 nicht
529 4123 590 4160 vom
611 4103 752 4174 Ausgeben
774 4105 848 4160 eines
875 4103 998 4160 wirklich
1026 4108 1192 4160 beeeeseoen
1221 4107 1309 4158 Gutee
1334 4104 1413 4156 stehn
1444 4103 1514 4173 (vel.

355 4191 513 4259 ababuc),
546 4191 662 4244 eundern
684 4207 735 4244 nur
763 4207 822 4242 vom
842 4191 1004 4259 Drangeben
1034 4192 1084 4248 der
1112 4191 1268 4260 Hoffnuug‚
1300 4207 1380 4242 wenn
1407 4207 1437 4241 ee
1464 4205 1514 4242 une

355 4283 509 4347 eutgengen
531 4275 600 4335 iet.“
642 4275 679 4326 At
703 4275 832 4328 miramur
853 4293 931 4346 quum
961 4295 1009 4342 ea,
1034 4295 1101 4348 quae
1125 4277 1268 4340 hebemus,
1295 4281 1351 4328 tum
1377 4292 1425 4340 ee,
1446 4287 1514 4342 queo

355 4377 408 4414 uon
432 4363 567 4414 hebemus.
611 4357 679 4412 Illud
700 4358 819 4412 voluisse
840 4361 969 4430 Poetaru,
1000 4379 1034 4416 ex
1054 4361 1278 4416 antecedentibus
1301 4377 1406 4431 quoque
1428 4373 1512 4428 eppe·

355 4449 409 4497 ret.
431 4445 475 4498 cf.
496 4447 587 4517 Epist.
610 4447 637 4512 2,
659 4446 685 4510 2,
707 4443 751 4498 58.
774 4445 891 4498 Schmid.
914 4447 949 4499 ud
979 4449 1004 4514 6,
1025 4448 1051 4501 9.
1072 4452 1101 4500 et
1122 4449 1184 4502 lev.
1214 4447 1247 4498 ud
1274 4443 1376 4499 Lucan.
1400 4444 1426 4511 3,
1449 4439 1512 4499 496.

358 4529 444 4582 Recte
465 4527 559 4584 Deme
581 4531 641 4598 „Co
662 4531 743 4602 qu'on
764 4531 832 4584 rime
856 4533 872 4583 3
892 4531 1006 4599 Γοιοὸι,
1029 4549 1062 4586 ou
1084 4531 1110 4586 le
1130 4529 1198 4601 perd
1220 4547 1287 4584 eveo
1308 4531 1420 4602 pelne.“
