3458 5318
311 523 332 586 6
418 523 701 586 COMMENTARll
722 526 765 584 IN
788 521 959 584 HORATll
980 522 1055 584 LlB.
1078 528 1101 587 l.
1132 527 1257 587 EPlST.
1281 527 1374 588 ocT.
1458 531 1479 590 6

313 733 407 792 nequo
435 719 465 771 et
495 711 540 770 his
569 712 683 788 quidem
713 709 891 788 temporibus
922 716 1038 789 praeter
1060 719 1172 773 ceteros
1202 731 1221 772 a
1250 713 1303 771 ἢ.
1336 709 1477 774 Jacobeio

313 813 360 894 (V.
382 833 412 892 p.
429 813 492 875 336
514 831 559 890 sq.
580 821 610 872 et
629 833 658 892 p.
680 811 777 891 362).
820 811 930 872 Dubito
954 822 1067 890 autem,
1087 820 1180 872 utrum
1211 814 1303 892 magis
1332 817 1418 874 mirer
1440 833 1478 874 an

271 900 278 912 ’
313 915 443 990 doleam,
466 912 714 992 Doriglsellorrem
737 914 812 971 veris
842 915 1027 975 immiscuisse
1060 914 1179 976 ridicula
1203 917 1361 993 quaedam,
1392 935 1479 993 quum

312 1017 432 1077 Poetam
453 1017 530 1094 turpi
547 1016 641 1094 aliquo
661 1015 771 1095 puellae
792 1015 837 1075 vel
855 1017 937 1095 pueri
958 1035 1066 1094 amore,
1089 1035 1173 1095 quem
1195 1016 1289 1076 celare
1306 1017 1477 1094 studuisset,

312 1140 462 1180 accensum
484 1124 514 1178 et
534 1124 641 1178 tortum
658 1119 835 1197 opinaretur.
879 1120 940 1178 Sed
961 1123 1060 1178 errant
1090 1117 1135 1177 alii
1165 1117 1264 1196 aliter,
1294 1120 1401 1199 quippe
1429 1121 1478 1197 qui

313 1222 429 1282 Celsum
448 1221 525 1281 illam
548 1221 814 1302 reprehensionem,
847 1239 932 1298 quam
964 1219 1018 1279 sibi
1046 1239 1144 1279 errore
1165 1221 1305 1299 opinionis
1330 1222 1360 1279 in
1380 1219 1475 1298 Epist.

314 1327 350 1400 1,
377 1325 417 1400 3,
444 1324 494 1386 15.
530 1325 658 1403 lingunt,
694 1341 779 1400 aegre
806 1321 908 1381 tulisse
941 1325 1111 1400 opinentur,
1145 1330 1321 1402 quapropter
1355 1321 1478 1382 Poetanr

312 1428 441 1503 vafrum,
464 1445 585 1504 eumque
607 1427 712 1484 circum
738 1425 908 1503 praecordia
934 1423 1097 1501 ludentem,
1124 1425 1219 1484 verbis
1246 1425 1378 1503 quidem:
1398 1423 1478 1499 fidis

311 1527 449 1610 offenda
479 1527 602 1586 medr'ois
633 1534 690 1588 etc.
733 1525 849 1585 Celsum
878 1525 1077 1587 obstinationis
1102 1533 1190 1604 atque
1214 1527 1370 1604 jactantiae
1398 1533 1477 1586 tecte

312 1633 476 1708 coarguisse
507 1631 614 1690 dicunt.
668 1629 701 1688 ln
731 1627 788 1687 hoc
818 1628 1010 1709 interpretum
1036 1647 1155 1689 numero
1185 1633 1233 1687 est
1266 1626 1473 1688 Wselandiua.

311 1734 388 1804 Quid
408 1734 445 1790 de
466 1733 523 1791 ists
542 1731 763 1809 reprehensione
782 1731 961 1790 sentiendum
979 1731 1035 1808 sit,
1068 1730 1190 1790 diximus
1218 1729 1255 1788 ed
1282 1730 1362 1790 illmu
1383 1729 1478 1790 locum

309 1854 339 1913 p.
360 1836 445 1911 211,
466 1843 552 1911 atque
573 1836 673 1910 etiam,
696 1834 736 1892 uti
755 1838 860 1911 postea
878 1810 1082 1910 cbguorimus,
1115 1833 1200 1892 istsnr
1229 1831 1268 1892 ibi
1290 1852 1349 1891 nou
1376 1833 1476 1892 vident

310 1936 500 1994 Biancons'ua
520 1934 540 1993 l.
559 1935 633 1994 infra
654 1935 674 1994 l.
691 1955 722 2015 p·
745 1933 817 1998 155.
841 1936 914 1997 177.
933 1941 964 1995 et
984 1933 1198 1996 Watokumer.
1228 1934 1258 1992 in
1280 1934 1416 1992 Histoire
1437 1933 1474 1992 ds

310 2037 344 2096 la
365 2033 689 2116 visetcll.p.144.
733 2042 794 2100 Sed
815 2048 848 2101 ut
869 2041 924 2116 sit,
957 2037 1055 2117 quidni
1081 2035 1217 2098 Horatius
1250 2033 1333 2094 liberi
1366 2053 1476 2096 sermo·

309 2139 354 2198 nis
375 2139 585 2199 amantissimus
607 2139 652 2200 hic
674 2144 711 2201 de
733 2162 766 2201 se
788 2143 853 2220 ipso
874 2141 948 2201 male
968 2139 1077 2198 affecto
1098 2135 1223 2198 dixerit?
1259 2137 1303 2197 An
1335 2139 1389 2197 fuit
1417 2144 1477 2198 tam

309 2241 403 2320 pusilli
425 2243 510 2300 animi
524 2221 558 2300 ¹et
578 2249 637 2300 tam
659 2241 780 2302 obscure
797 2244 902 2322 iniqui,
924 2249 956 2301 ut
976 2261 1050 2320 quae
1071 2239 1160 2298 libere
1174 2257 1210 2298 ao
1224 2237 1389 2318 sinpliciter
1404 2240 1478 2300 effe·

309 2342 399 2426 tenda
417 2347 533 2419 essent,
560 2343 712 2404 verborum
738 2344 890 2404 involucris
919 2343 1077 2403 involveret
1104 2340 1282 2418 animumque
1303 2342 1426 2418 quadam
1447 2342 1476 2399 in

310 2443 426 2502 Celsum
446 2443 644 2504 malevolentia
664 2445 803 2506 suffusum
822 2445 918 2506 verbis
940 2445 1031 2504 cantis
1053 2440 1228 2520 obtegeret?
1264 2441 1332 2500 Aliis
1363 2443 1478 2520 quidem

309 2545 380 2604 haec
396 2545 528 2624 Epistola
548 2547 652 2624 frigide
673 2549 781 2627 scripta
800 2549 928 2624 videtur,
950 2547 1084 2624 qnoniam
1101 2543 1238 2604 Horatius
1261 2563 1324 2602 ere
1338 2563 1391 2602 sua
1412 2563 1477 2602 esse

310 2648 438 2724 duxerit,
477 2665 541 2706 cum
569 2648 676 2725 jurene
705 2649 775 2710 satis
807 2649 991 2729 superbiente
1020 2663 1078 2704 non
1110 2645 1279 2704 contrahere
1311 2645 1477 2704 interiorem

310 2751 452 2826 quandam
472 2749 699 2808 familiaritatem.
734 2751 844 2810 Nescio
862 2758 974 2826 autem,
997 2767 1046 2806 cur
1066 2746 1203 2822 Poetam,
1236 2748 1283 2824 qui
1312 2768 1385 2827 quae
1407 2769 1475 2809 sen-

308 2851 400 2911 tiebat
418 2850 513 2928 eloqui
532 2868 677 2928 nunquem
698 2851 855 2928 dubitarit,
872 2853 927 2911 hac
953 2852 1068 2930 quidem
1089 2848 1200 2906 ratione
1221 2849 1327 2910 faciant
1344 2852 1477 2912 callidum

308 2955 572 3031 tergiversatorem.
613 2953 692 3031 Sed,
721 2960 755 3014 ut
780 2954 869 3014 semel
890 2955 999 3028 diuam,
1030 2954 1197 3010 iserrora
1222 2969 1311 3029 prava
1327 2952 1371 3012 vel
1392 2954 1476 3014 nimis

309 3054 416 3131 subtili,
436 3073 519 3133 quarn
537 3055 592 3114 sibi
613 3056 652 3116 de
673 3057 831 3117 Satirarum
851 3055 992 3135 scriptore
1014 3053 1167 3130 linxerunt,
1186 3055 1304 3114 notione
1325 3057 1476 3133 protectus

309 3175 374 3215 esse
396 3157 518 3215 videtur.
562 3158 656 3218 Recte
686 3161 773 3236 igitur
805 3157 1019 3218 Hoohederusr
1049 3154 1150 3232 „Dass
1185 3175 1217 3214 es
1245 3174 1330 3216 unser
1357 3153 1477 3216 Dichter

311 3257 416 3314 ehrlioh
437 3259 496 3314 und
517 3263 569 3332 gut
589 3259 643 3315 ruit
660 3259 719 3318 ihm
733 3262 857 3336 meinte,
876 3261 983 3320 bewies
1005 3271 1038 3318 er
1056 3259 1095 3316 im
1115 3259 1221 3319 dritten
1237 3257 1343 3318 Briefe.
1376 3255 1476 3318 Daber

310 3359 419 3416 sweifle
438 3355 492 3415 ich.
504 3357 591 3432 auch,
614 3358 651 3416 ob
672 3357 770 3420 Horas
791 3379 823 3420 es
840 3362 872 3438 je
891 3359 1041 3420 hermulis
1059 3360 1148 3420 werth
1169 3359 1260 3434 hielt,
1279 3379 1313 3419 so
1331 3359 1404 3420 niele
1418 3359 1476 3419 l’o-

310 3459 374 3518 litik
401 3479 437 3517 au
466 3459 574 3535 haben,
607 3457 650 3517 als
676 3460 737 3520 ihm·
751 3461 889 3520 Wieland'
903 3460 949 3518 bei
969 3460 1065 3520 dieser
1083 3462 1476 3540 Gelegenheit·nun1uthet.“

311 3562 389 3621 ldem
407 3561 495 3620 sentit
512 3560 565 3618 Fr.
588 3559 707 3619 Jacobs.
724 3567 727 3574 “
743 3563 777 3621 V.
792 3583 822 3640 p.
844 3561 908 3624 339
936 3581 992 3638 οφ,
1014 3583 1135 3639 quocum
1154 3565 1262 3624 faciunt
1291 3563 1424 3624 oraturo
1445 3571 1476 3628 et

313 3663 495 3742 Bennaf)
537 3661 650 3726 Deinde
670 3668 749 3744 qnod
769 3664 896 3728 nonnulli
917 3666 1090 3742 interpretes
1108 3667 1197 3728 verbo
1218 3665 1367 3744 referenda¹
1393 3687 1422 3724 v.
1444 3670 1474 3732 2.

396 3905 428 3977 *)
452 3907 511 3962 loru
528 3925 596 3980 qnae
616 3909 696 3979 hajut
717 3913 780 3964 sunt
801 3907 923 3963 fasciculi
952 3908 1130 3981 scripseram,
1159 3925 1237 3980 quum
1266 3909 1329 3964 mihi
1357 3909 1476 3964 traditus

312 4003 355 4052 est
382 3993 515 4049 Mntserl
534 3995 620 4048 libere
650 3995 771 4063 „Kritllr'
787 3983 841 4048 und
862 3987 1039 4066 ¹Erklflrtu'rg'
1055 3996 1104 4049 dar
1133 3994 1261 4066 Episteln
1283 3996 1333 4048 des
1353 3997 1476 4050 Horas.“

311 4080 625 4148 nnmsohueig,·vert
650 4098 704 4134 uon
729 4083 766 4134 Gt
780 4080 815 4134 Dr
830 4080 997 4148 Meyer'sen·
1024 4077 1103 4136 1848.
1129 4081 1170 4134 Ut
1194 4081 1222 4134 in
1247 4079 1350 4149 lyricis,
1380 4083 1423 4136 lta
1447 4083 1477 4138 iu

312 4166 444 4240 epistolis.
452 4165 686 4229 Virdootlesimus
706 4164 906 4236 interpretandi
921 4167 1054 4224 radonem
1071 4166 1157 4222 habet
1177 4183 1251 4220 suam
1277 4177 1307 4220 st
1328 4169 1475 4239 propriam,

313 4273 381 4327 quae
407 4251 515 4324 quidem
539 4251 714 4312 subtilissima
733 4251 882 4322 symbolice
904 4252 1013 4312 liprandi
1036 4249 1205 4320 rimandique
1227 4265 1271 4302 ars
1292 4268 1354 4305 rrum
1375 4254 1476 4326 simpli·

313 4339 391 4393 citati
415 4344 538 4416 veterum
568 4337 729 4408 scriptorum
757 4335 917 4406 conveniat„
944 4335 1100 4399 dubitarunt
1125 4336 1210 4402 multi,
1237 4335 1333 4391 dubito
1356 4348 1385 4390 et
1405 4339 1476 4408 ipse,

311 4421 401 4478 Miror
421 4431 509 4476 autern
524 4423 638 4475 hominis
657 4421 895 4499 inhumanitatem,
936 4441 988 4493 qua
1016 4425 1041 4476 ia
1070 4422 1182 4475 aliorum
1206 4421 1265 4475 iere
1288 4420 1476 4493 discrepantes

313 4505 463 4563 tententiae
484 4505 626 4578 impugnat
649 4505 696 4559 vel
714 4523 805 4560 eornm
831 4507 1028 4577 explicationes
1056 4525 1089 4560 eo
1115 4523 1198 4576 saepe
1228 4509 1309 4562 modo
1340 4509 1477 4580 intorpre-

312 4599 396 4662 tatur,
419 4603 498 4662 quarn
512 4607 545 4645 ue
559 4591 614 4662 ipsi
630 4591 742 4662 quidem
751 4595 877 4648 suctores
890 4593 947 4648 sibl
959 4593 1105 4650 finxerunt.
1149 4593 1192 4648 Do
1205 4594 1342 4664 hocloco,
1363 4594 1384 4651 i.
1400 4613 1427 4650 a.
1441 4594 1475 4650 ds
