3426 5334
216 523 279 588 149
319 524 528 588 COissOENT.
541 525 689 588 utnon„
702 526 777 588 LlB.
791 529 814 588 Ι.
845 528 970 595 EPlS’l'.
985 528 1262 592 UNnnvtcnsnt.
1295 523 1360 592 497

214 691 372 751 demtum
383 691 526 772 sontibus
546 715 617 766 orm,
646 697 732 756 Unde
747 707 838 776 peter
854 700 957 758 sitieris
977 699 1097 758 Ειιηὰω
1116 709 1186 756 ante
1206 697 1288 758 bibit.
1321 700 1362 758 lta

215 794 252 852 de
273 793 396 873 Epiouto
418 794 534 858 Lueret.
554 798 585 872 3,
606 798 636 859 9.
674 799 720 858 Tu
735 811 824 878 pater
841 811 871 858 et
888 821 986 859 rerum
1003 803 1146 861 inventor.
1180 802 1362 880 Quapropter

216 895 352 956 ridiculus
377 904 423 956 est
447 900 612 970 Heinsius,
639 921 725 978 quum
745 923 849 963 nomen
868 907 969 980 petris
995 904 1227 981 „festivissimam
1250 912 1279 963 et
1301 904 1361 964 fere

214 998 357 1058 satirieam
384 1000 512 1059 mimesin
536 1009 638 1076 vocat,
673 1010 828 1083 propterea
855 1005 933 1084 quod
960 1004 1067 1064 linniur
1095 1009 1230 1067 amaverit
1259 1026 1362 1066 rocem

211 1110 320 1176 poter,
341 1105 372 1158 nt
391 1120 424 1160 re
449 1120 485 1161 ea
504 1101 646 1162 sbstiuere
666 1124 723 1165 nou
746 1107 902 1184 potnerit.“
935 1107 1042 1166 Contra
1065 1107 1243 1184 disputarunt
1263 1109 1360 1186 impri-

214 1203 267 1260 mis
288 1201 461 1281 Rappoltus
481 1203 524 1282 (p.
543 1203 620 1284 834)
638 1211 669 1264 et
691 1206 882 1278 Solsmidius,
914 1209 1078 1287 quibuscum
1100 1211 1174 1268 conf.
1194 1206 1308 1269 Lueret.
1332 1213 1360 1280 1,

214 1303 276 1368 118
295 1323 360 1382 sqq.
391 1305 507 1366 Santeu.
527 1310 565 1366 ad
586 1307 704 1371 Terent.
726 1309 816 1368 ltlaur.
838 1331 868 1388 p.
890 1311 962 1375 232.
982 1315 1013 1370 et
1031 1309 1121 1388 Seyff.
1141 1311 1179 1369 ad
1198 1310 1258 1370 Cio.
1280 1310 1360 1369 Lael.

212 1405 246 1480 6,
266 1405 317 1469 22.
346 1407 469 1484 p.132.
503 1409 638 1469 Ceterum
659 1409 748 1469 multo
776 1412 856 1490 pejus
885 1427 969 1488 quam
996 1410 1146 1470 Daesrr'us
1168 1410 1286 1489 („C’est
1307 1431 1360 1472 une

211 1505 343 1566 nouvelle
366 1509 461 1568 raison
482 1530 537 1588 que
556 1511 599 1571 les
619 1511 724 1572 Po'e'tes
743 1513 781 1571 du
804 1517 895 1590 temps
917 1511 1059 1571 d’florace
1079 1513 1269 1590 ajoritoientd
1290 1513 1360 1574 celle

212 1609 251 1666 de
272 1608 441 1688 Cratinus“)
462 1613 499 1670 de
517 1613 570 1673 lroe
591 1635 674 1674 verso
696 1618 801 1672 errarit
822 1613 988 1684 Zurekius,
1009 1635 1093 1692 quaro
1115 1616 1237 1674 diceret:
1267 1615 1359 1692 „Cra-

210 1709 288 1768 tinus
307 1711 383 1770 idem
403 1713 472 1772 dicit
491 1715 526 1773 de
546 1715 661 1774 Ennio“
683 1721 737 1774 etc.
772 1714 930 1776 Monstrum
950 1716 1091 1776 iudicasse
1107 1717 1177 1774 satis
1196 1718 1258 1778 erit.

297 1812 332 1870 V.
351 1815 380 1876 8.
402 1813 431 1873 9.
463 1817 576 1874 Forum
592 1851 635 1862 -
649 1815 816 1896 putentque
830 1849 874 1860 -
891 1820 1005 1878 severis
1035 1819 1197 1878 Sententia:
1218 1819 1297 1895 „Qui
1315 1817 1359 1876 bi-

195 1912 281 1981 ⁸isere
302 1917 444 1986 nmdunt,
465 1937 517 1978 eos
534 1939 632 1980 versus
649 1937 776 1998 pangere
792 1919 913 1991 vetabo,
933 1921 972 1979 ita
992 1926 1024 1978 ut
1045 1919 1189 1980 abstemiis
1208 1927 1238 1980 et
1255 1920 1359 1980 sobriis

210 2013 267 2073 illis
288 2017 402 2094 quidem
421 2037 468 2078 res
488 2021 617 2080 forenses
632 2027 664 2079 et
679 2021 812 2080 fenebres
833 2028 932 2100 utpote
952 2019 1112 2082 hominibus
1131 2023 1236 2100 ingenii
1253 2023 1359 2082 morosi

209 2125 298 2197 atque
318 2138 336 2179 a
356 2119 499 2180 Musarum
527 2143 615 2201 opere
633 2123 718 2182 alieni
739 2125 840 2199 dignas
861 2124 1067 2186 committam.“
1098 2125 1234 2182 Similiter
1252 2123 1356 2184 Catuli.

211 2225 266 2298 27,
288 2221 319 2284 5.
350 2222 399 2278 Ar
418 2244 487 2294 vos,
514 2223 695 2304 qualebet,
722 2224 794 2282 hine
813 2223 894 2282 abire
919 2223 1077 2303 lymphae,
1109 2224 1182 2284 er
1198 2227 1358 2303 permotos,

210 2333 241 2382 et
259 2323 303 2382 ad
325 2343 441 2382 severos
462 2327 606 2406 Migrare.
641 2325 708 2389 Tib.
729 2327 762 2403 3,
784 2329 815 2402 6,
834 2330 884 2390 21.
912 2327 959 2406 [de
979 2325 1175 2385 Luelrmnni
1194 2329 1358 2405 conjectura

209 2447 228 2486 a
250 2425 390 2484 Dissenio
410 2447 524 2506 quoque
545 2427 676 2508 probata]
704 2427 848 2486 convenit
866 2430 963 2486 maure
981 2427 1096 2506 (Liber)
1116 2430 1245 2486 nimium
1266 2429 1357 2486 nimi-

209 2548 324 2608 umque
342 2546 464 2592 severos.
500 2531 601 2590 Sieeoe
619 2537 716 2590 auteur
738 2530 887 2591 vinolentis
909 2529 967 2592 od.
990 2532 1020 2604 1,
1045 2529 1096 2608 18,
1124 2532 1154 2593 3.
1182 2531 1242 2592 cie.
1265 2537 1355 2591 contu

207 2630 286 2692 Bull.
309 2632 340 2707 1,
364 2635 393 2705 1,
420 2633 448 2695 1.
478 2631 566 2691 Acad.
590 2634 619 2706 2,
650 2634 702 2709 27,
731 2635 782 2696 88.
808 2633 914 2713 opponi
941 2637 1072 2696 constatr
1103 2635 1177 2694 conf.
1201 2634 1299 2693 Heins.
1328 2640 1358 2692 et

207 2734 306 2796 Burm.
332 2731 578 2796 repertumst.
604 2753 634 2812 p.
658 2735 729 2798 158.
756 2735 859 2795 Heind.
882 2735 919 2792 ad
943 2736 1006 2792 Sat.
1032 2737 1062 2809 2,
1085 2737 1115 2810 2,
1140 2733 1188 2800 14.
1226 2735 1270 2794 De
1281 2737 1355 2814 soro

207 2833 282 2912 (tum
304 2831 452 2911 Romano,
474 2834 621 2911 Caesaris,
649 2833 768 2912 Augusti
791 2838 849 2895 rid.
869 2837 974 2896 Reder.
997 2837 1032 2894 ad
1055 2835 1139 2895 Mart.
1160 2838 1191 2913 3,
1212 2836 1282 2916 (39)
1304 2839 1355 2912 88,

207 2943 239 3002 4.
259 2935 363 2996 Loers.
385 2935 420 2994 ad
439 2935 524 2993 Ovid.
543 2935 631 2998 Trist.
646 2937 679 3010 3,
699 2940 728 3011 1,
746 2940 796 3000 27.
820 2940 870 3012 12,
890 2934 955 3016 24.)
976 2937 1105 2996 sollemni
1125 2939 1217 2996 causis
1239 2938 1356 3014 agendis

206 3039 273 3097 loeo
295 3036 370 3095 conf.
398 3035 526 3094 Beckeri
552 3037 687 3112 „flando
719 3037 747 3096 d.
774 3037 1100 3100 Rom.e1tertuomer“
1128 3039 1151 3098 1.
1178 3059 1208 3116 p·
1232 3039 1293 3104 283
1311 3058 1355 3116 sq.

206 3140 254 3198 Ad
269 3137 381 3217 puteal
398 3145 492 3198 eutem
514 3137 640 3196 Libonis
660 3137 721 3218 (qui
737 3139 817 3196 loeus
840 3141 944 3198 eratin
962 3140 1073 3198 comitio
1092 3141 1210 3217 foroque
1226 3139 1355 3198 Romano

206 3243 237 3300 in
257 3241 369 3318 portion
389 3239 463 3299 Julia
483 3259 574 3321 prope
595 3260 689 3300 urcunr
710 3240 867 3300 Fabianum
886 3247 915 3300 et
933 3240 1088 3300 columnam
1108 3241 1259 3322 Maeniam)
1275 3243 1355 3301 fene·

207 3351 319 3404 ratores
341 3344 490 3402 convenire
512 3343 587 3402 soliti
609 3349 676 3402 sunt
694 3343 814 3402 testibus
831 3343 941 3403 Acrone
959 3351 989 3401 et
1008 3343 1103 3404 Schol.
1125 3343 1213 3422 Cruq.
1233 3344 1270 3401 ad
1292 3345 1353 3404 Sat.

208 3449 239 3521 2,
261 3448 292 3518 6,
312 3445 353 3508 35
379 3443 460 3522 (ibiq.
483 3443 602 3518 Heind.)
628 3445 724 3505 Schol.
746 3446 783 3504 ad
808 3445 888 3506 Pers.
915 3444 947 3523 4,
971 3444 1022 3508 49.
1044 3452 1074 3505 et
1094 3445 1190 3504 Schol.
1220 3445 1354 3505 Bobiensi

206 3546 400 3622 Vaticanoque
428 3547 465 3604 ad
493 3546 553 3609 cic.
579 3565 624 3624 pr.
649 3547 727 3606 Sest·
749 3550 780 3622 8,
802 3548 851 3611 18.
877 3546 960 3624 (ibiq.
988 3545 1081 3608 Orell.
1115 3547 1149 3608 V.
1170 3550 1198 3612 2.
1229 3570 1259 3627 p.
1280 3549 1352 3614 295.

207 3648 272 3708 eoll.
294 3647 345 3712 rr,
366 3647 484 3706 Osenm'
496 3647 685 3707 commentat.
701 3650 737 3707 de
751 3647 879 3707 columna
895 3647 1017 3708 Maenio.
1039 3649 1116 3711 Giss.
1135 3647 1225 3712 1844.
1244 3669 1274 3726 p.
1291 3651 1355 3726 16.)

205 3751 277 3810 lude
299 3749 399 3809 Cicero
419 3747 439 3808 l.
459 3749 477 3810 l.
501 3747 619 3826 puteoli
643 3762 670 3807 st
681 3755 891 3829 feneratorum
916 3751 1005 3828 gregi
1024 3751 1150 3826 inflatus
1176 3756 1230 3812 etc.
1266 3750 1352 3809 Ovid.

205 3852 288 3912 Rem.
310 3851 372 3912 Am·
388 3851 449 3916 561
474 3850 524 3928 (ib.
544 3849 663 3930 Barna).
700 3853 762 3930 Qui
773 3852 883 3931 puteal
903 3853 1074 3930 Ianumque
1091 3854 1173 3908 timet
1190 3849 1354 3930 celeresque

206 3952 383 4022 Kalendae,
409 3962 544 4030 torqueor
568 3929 649 4008 huno
675 3957 753 4014 aeris
778 3966 884 4014 mutua
912 3974 1030 4012 suornm
1054 3955 1110 4014 eni.
1148 3953 1268 4016 Salmas.
1294 3953 1353 4012 Ex·

207 4054 299 4116 ereitt
324 4053 396 4113 Ptin.
425 4075 455 4133 p.
475 4053 547 4116 114.
582 4053 628 4112 Ab
666 4055 718 4114 hnc
745 4057 978 4133 interpretatione
1003 4075 1062 4114 non
1094 4055 1227 4114 abhorret
1257 4054 1291 4113 Α.
1320 4055 1352 4116 Ρ.

205 4154 269 4216 826
290 4185 332 4198 -
351 4155 401 4217 33.
439 4157 556 4215 Veteres
575 4162 668 4215 autem
685 4159 870 4236 interpretes,
891 4157 916 4214 si
937 4157 1081 4236 exceperis
1111 4157 1296 4213 Torrentium
1315 4157 1352 4214 ad

206 4257 268 4314 Sat.
292 4257 322 4331 2,
342 4257 372 4332 6,
394 4255 462 4331 35,
492 4263 640 4334 utrumque
666 4258 757 4317 locurn
784 4258 932 4317 decausis
961 4256 1122 4317 forensibus
1148 4257 1289 4334 accipiunt
1318 4275 1353 4315 ea

206 4335 319 4434 quidem
340 4357 496 4418 Horatiana
520 4359 630 4418 notioni
653 4359 778 4438 generali
801 4362 952 4438 specialem
982 4359 1236 4420 denominationem
1265 4356 1353 4435 subji-

207 4459 299 4520 ciendi
317 4461 401 4537 lege,
423 4463 460 4519 de
478 4479 533 4538 qua
553 4462 589 4521 ad
610 4464 641 4538 6,
663 4463 713 4526 59.
737 4465 789 4541 12,
812 4465 841 4526 8·
866 4465 916 4539 18,
942 4461 992 4526 55.
1014 4461 1143 4521 diximus.
1175 4459 1208 4518 ln
1231 4459 1352 4517 Torren-

207 4563 242 4618 u'i
261 4563 343 4624 fenus
364 4570 394 4623 et
416 4583 529 4623 usuram
556 4565 739 4642 intelligentis
760 4565 928 4626 sententiam
956 4563 1075 4645 pedibus
1099 4564 1176 4622 isere
1199 4561 1352 4622 Heindor-
