3458 5318
342 469 387 540 72
457 479 742 540 COMMENTARII
768 479 811 538 IN
830 475 1399 544 HORATssLln.1.nP1sT.nEc.
1462 483 1502 546 72

342 668 465 746 imperiti
492 665 609 726 multum
638 683 725 744 saepe
754 663 913 724 ἰοιΙΙιιιιὲιπις
941 673 1014 741 etc,
1042 685 1077 724 ex
1103 665 1158 723 hoc
1185 667 1249 744 ipso
1283 664 1348 724 loco
1376 665 1506 724 honsione

342 769 463 831 videtur.
506 767 552 826 De
566 768 655 844 suco,
676 766 793 824 lichenis
815 785 938 843 genere,
968 767 1108 843 Orseille‚
1142 769 1221 844 cujus
1251 787 1338 825 succo
1366 773 1417 826 ant
1446 769 1507 826 sine

342 881 420 928 ostro
442 872 461 927 i.
484 888 510 926 e.
532 871 639 927 murice
660 868 705 927 vol
725 867 846 926 huccino
866 869 959 926 lanam
981 876 1030 927 orit
1052 870 1166 928 muricis
1193 869 1268 926 illins
1297 887 1380 927 succo
1403 875 1508 946 postea

343 972 507 1049 tingendam
527 971 742 1030 medicabuntur
765 969 895 1049 (Mitsch.
925 972 963 1028 od
990 971 1049 1028 Od.
1072 971 1104 1046 3,
1124 971 1154 1046 5,
1177 968 1254 1048 27),
1282 973 1357 1028 unde
1380 989 1508 1048 purpura

344 1079 395 1132 aut
418 1072 578 1132 adulterino
599 1078 648 1131 out
669 1091 737 1130 vero
758 1078 853 1147 esset,
883 1071 950 1130 vide
980 1071 1135 1148 Sprengsl.
1162 1071 1200 1129 od
1227 1070 1421 1150 Theophrast.
1441 1075 1506 1132 Na-

344 1173 555 1252 turgeschichte
573 1175 625 1232 der
646 1173 801 1249 Pflonzen,
823 1173 971 1234 iibersetzt
992 1180 1048 1231 etc.
1070 1174 1106 1232 ΙΙ.
1130 1194 1160 1250 p.
1176 1173 1248 1234 157.
1270 1175 1357 1232 etde
1380 1175 1507 1251 tingendi

344 1277 455 1335 ratione
474 1275 567 1334 Jahn.
588 1279 617 1334 in
641 1275 813 1350 „Miscellsn
834 1277 886 1333 der
905 1273 1050 1332 Jahrbb.“
1071 1281 1126 1334 ete.
1147 1277 1239 1339 1828.
1262 1271 1313 1349 ΙΙΙ,
1337 1279 1366 1336 2.
1389 1297 1419 1352 p.
1432 1275 1506 1340 205.

345 1387 374 1438 et
396 1378 426 1440 8.
449 1397 479 1456 p·
503 1375 577 1442 824.
597 1375 660 1441 coil.
681 1397 804 1436 censura
826 1379 863 1434 de
884 1377 1072 1454 Hemingeri
1097 1377 1183 1436 oto.
1210 1376 1247 1434 do
1263 1397 1406 1455 purpura
1426 1380 1507 1436 ontr'r

344 1499 472 1559 qnorum
495 1481 524 1538 in
546 1481 701 1555 „G6tting.
722 1478 842 1555 gelehrt.
865 1478 984 1556 Anneig.
1009 1479 1100 1544 1828.
1121 1478 1197 1536 xxi.
1220 1498 1251 1557 p·
1275 1480 1351 1543 208.
1378 1513 1422 1526 -
1447 1480 1508 1538 vel-

344 1583 410 1640 lora
426 1585 577 1658 potantia.
607 1582 653 1640 lta
672 1581 756 1638 Ovid.
779 1580 850 1638 Met.
873 1581 904 1654 6,
927 1579 956 1643 9.
977 1579 1127 1638 Phocaico
1147 1579 1267 1637 bibulas
1288 1579 1424 1658 tingebat
1440 1603 1507 1639 mro-

345 1686 405 1742 rice
425 1685 523 1742 lanas.
554 1683 639 1742 Α.Δ.
657 1683 779 1758 3,187.
802 1681 894 1736 Lana
919 1690 960 1736 tot
981 1692 1036 1738 aut
1049 1682 1155 1759 plures
1177 1701 1280 1740 succos
1298 1681 1382 1740 bibit.
1406 1684 1506 1744 Anien
1576 1754 1586 1772 θ

344 1787 426 1848 Arnt.
438 1782 511 1849 346.
535 1785 754 1862 Asoyrinmqno
776 1779 881 1840 bibunt
901 1802 980 1840 nova
1002 1785 1114 1843 vellera
1130 1805 1261 1844 succum.
1284 1785 1385 1846 Claud.
1400 1787 1429 1844 in
1439 1787 1506 1846 Rus.

347 1893 377 1962 1,
400 1889 472 1950 207.
502 1888 646 1964 Rapiront
673 1887 776 1962 tyrios
797 1883 854 1940 cti
872 1884 984 1941 vellera
999 1885 1089 1962 socos
1110 1889 1152 1945 Et
1167 1889 1342 1964 picturatae
1365 1899 1509 1946 saturan-

345 2001 396 2046 tor
415 1991 528 2046 murico
548 1999 650 2046 vectos.
672 1986 745 2049 Plio.
767 1987 804 2046 Η.
825 1987 865 2049 Ν.
886 1987 917 2062 9,
938 1988 991 2048 88.
1018 1987 1127 2063 Quinto
1148 1988 1222 2046 lona
1240 1998 1328 2065 potat
1346 1988 1439 2052 horris.
1461 1992 1507 2048 cf.

344 2089 442 2150 Borm.
464 2094 502 2152 od
523 2093 606 2150 Grot.
626 2091 737 2168 Cyneg.
760 2089 812 2152 59.
834 2090 954 2147 Biinem.
978 2089 1016 2146 od
1029 2088 1114 2148 Loct.
1139 2090 1209 2150 inst.
1229 2096 1304 2168 2,2,
1323 2093 1373 2154 16.
1391 2091 1506 2150 Ruhnh.

344 2193 382 2252 ad
405 2193 491 2261 Ovid.
512 2196 582 2256 Her.
606 2194 657 2270 18,
680 2193 732 2255 37.
751 2223 794 2236 -··
833 2190 868 2249 V·
890 2193 941 2254 28.
976 2192 1092 2248 Cottius
1113 2223 1148 2236 -
1171 2196 1336 2270 propiusve
1357 2193 1508 2254 medullio

345 2297 395 2354 Sic
420 2299 548 2374 propior
574 2299 716 2354 cortrorvo
740 2293 879 2372 cognatio
910 2311 958 2369 ap.
981 2293 1043 2350 Cic.
1066 2293 1103 2351 de
1121 2292 1215 2371 Legg.
1246 2300 1276 2372 1,
1306 2299 1337 2369 8,
1365 2296 1416 2359 25.
1442 2299 1509 2373 jun·

346 2405 468 2476 guntur3
486 2402 613 2477 propius
633 2396 775 2456 modullis
798 2403 830 2454 ut
856 2389 933 2473 πρός
955 2389 1051 2472 ἄκρον
1072 2391 1183 2472 μυελόν
1204 2401 1309 2477 ψυχῆς
1332 2417 1379 2476 op.
1409 2397 1506 2476 Eurip.

345 2497 466 2578 Hippoi.
489 2502 572 2578 255,
594 2500 642 2558 ubi
664 2497 765 2557 similis
786 2497 881 2556 ottuht
901 2479 1112 2554 Volckhnrius.
1147 2497 1257 2556 Eodem
1277 2501 1419 2560 sententio
1435 2521 1509 2578 pro-

342 2603 414 2680 pior
437 2601 523 2660 dolor
554 2621 601 2680 op.
624 2601 688 2660 vat.
707 2599 752 2660 Fl.
774 2601 812 2675 1,
829 2595 903 2660 546.
925 2596 1175 2658 concinnior.
1195 2603 1226 2676 2,
1249 2601 1302 2678 19,
1323 2601 1374 2665 43.
1419 2605 1510 2661 Mon-

345 2703 416 2762 dsot
435 2705 495 2762 ista
514 2715 584 2762 toas
601 2702 768 2783 aliquando
788 2720 865 2758 oum
886 2699 1047 2758 medullas.
1083 2701 1129 2759 Cf.
1158 2702 1240 2761 Cort.
1269 2704 1305 2760 ad
1335 2704 1443 2764 Lucan.
1476 2706 1508 2784 5,

345 2805 419 2870 811.
451 2807 568 2886 Forhig.
594 2808 632 2866 od
659 2806 736 2882 virg.
766 2801 837 2860 hen.
858 2798 889 2875 4,
910 2803 963 2870 66.
987 2810 1017 2862 et
1037 2803 1168 2882 interpp.
1185 2806 1222 2864 od
1242 2805 1334 2884 Epist.
1359 2809 1396 2866 nd
1415 2807 1507 2869 Hehr.

347 2911 399 2982 12,
422 2905 453 2970 4.
472 2941 515 2952 -
536 2909 570 2967 V.
594 2909 645 2974 29.
668 2927 736 2967 vero
758 2905 940 2982 distinguere
955 2904 1085 2984 solcum.
1114 2906 1149 2964 ln
1170 2905 1223 2964 hoc
1245 2915 1307 2993 orto
1328 2916 1457 2969 versatur
1478 2909 1510 2989 ο)

346 3029 381 3068 eo
399 3011 596 3090 philosophiae
618 3030 704 3089 pers,
732 3027 818 3086 quom
838 2997 1014 3065 dinleotioam
1033 3015 1155 3084 vocant,
1181 3011 1248 3070 vide
1268 3029 1340 3089 quos
1361 3014 1510 3072 conserunt

351 3112 496 3174 Ochoner.
514 3117 550 3173 ad
574 3115 636 3172 Cic.
657 3114 718 3174 Ecl.
740 3131 771 3188 p.
793 3112 844 3172 46.
873 3113 944 3174 118.
966 3109 1122 3168 Hermann.
1144 3113 1181 3169 sd
1202 3111 1321 3172 Lucion.
1356 3114 1509 3182 Quomodo

344 3213 448 3272 histor.
471 3223 527 3272 eto.
549 3235 580 3291 p.
604 3215 676 3278 208.
710 3219 741 3271 et
767 3214 906 3289 Koppius
938 3213 976 3270 ad
1003 3213 1088 3272 hisrt.
1120 3213 1194 3292 Cap.
1212 3210 1245 3290 4,
1276 3215 1349 3278 829.
1381 3233 1412 3289 p.
1435 3213 1508 3279 829.

347 3312 377 3390 c)
395 3315 525 3374 doctrino
544 3315 582 3373 de
601 3316 660 3372 vita
683 3320 713 3372 et
733 3315 858 3374 mo'rihns
881 3333 916 3372 ex
944 3315 1086 3374 sententia
1114 3315 1348 3394 philosophorum
1371 3314 1509 3394 imprimis

346 3415 565 3477 Socraticorum.
607 3417 681 3474 Hinc
700 3417 760 3474 fere
781 3419 873 3476 omnis
896 3417 1020 3474 omnium
1041 3417 1157 3492 querela
1186 3417 1223 3476 de
1243 3417 1388 3476 hominum
1416 3419 1510 3477 coeci-

347 3521 426 3593 tnte,
452 3537 508 3594 quo
532 3518 626 3578 obruti
646 3519 771 3596 speciem
799 3538 923 3596 prore,
950 3517 1053 3576 salsum
1077 3537 1130 3596 pro
1157 3537 1226 3578 vero
1250 3524 1369 3597 captent
1388 3521 1512 3600 indeque

346 3621 375 3678 in
395 3620 544 3680 maximam
567 3623 710 3680 miseriam
736 3621 871 3680 incidant.
912 3620 1025 3680 Horatii
1054 3624 1226 3682 sententiam
1254 3603 1347 3702 pache
1369 3623 1510 3699 expressit

345 3721 470 3801 Epictet.
502 3723 581 3784 Diss.
610 3730 639 3803 1,
670 3728 720 3800 11,
751 3725 801 3786 11.
841 3723 901 3785 Καὶ
931 3719 992 3802 μὴν
1022 3717 1056 3785 τὸ
1086 3720 1142 3803 μὲν
1173 3728 1236 3786 τῶν
1263 3720 1430 3804 χρωμάτων
1458 3721 1510 3784 καὶ

347 3819 464 3906 ὀσμῶν,
495 3826 538 3889 ἔτι
570 3823 602 3888 tii
627 3831 730 3907 χυμῶν
750 3821 907 3908 κριτήριον
928 3819 1066 3906 ἆγνοεῑν,
1097 3820 1190 3905 τυχὸν
1216 3820 1255 3888 oei
1273 3820 1387 3908 μεγάλη
1410 3826 1507 3903 ζημία·

345 3924 379 3990 τὸ
400 3927 433 3990 δὲ
451 3933 511 3992 τῶν
533 3924 662 4011 οἷγοθοᾶν
683 3929 734 3991 oct
754 3933 815 3991 τῶν
832 3931 948 4003 κακοῖν,
975 3926 1027 3988 καὶ
1047 3930 1110 3990 τοῖν
1129 3923 1214 4004 παρὰ
1237 3927 1334 4008 φύσιν
1358 3927 1411 3991 καὶ
1433 3925 1511 3990 κατὰ

312 4115 314 4119 Ι
346 4024 443 4109 φύσιν
464 4035 508 4116 τῷ
529 4025 704 4116 ἀνθρώπῳ,
735 4033 822 4094 δοκεῖ
847 4051 895 4094 σοι
924 4025 1016 4111 μικροὶ
1044 4031 1133 4108 ζημία
1161 4025 1239 4092 εἶναι
1265 4035 1310 4116 τῷ
1330 4023 1512 4110 ἐννοοῦντι,

343 4133 384 4196 Ἡ
397 4135 518 4216 μεγίστη
540 4131 594 4213 μὲν
614 4125 681 4195 οὖν.
705 4135 779 4194 Ibid.
800 4137 829 4209 2,
853 4132 905 4210 24,
929 4135 979 4196 19.
1005 4133 1108 4192 Senes.
1128 4133 1222 4210 Epist.
1241 4135 1293 4196 71.
1319 4133 1456 4190 Socrates
1469 4161 1512 4178 -

344 4235 426 4296 lianc
447 4257 598 4296 sommam
625 4237 782 4296 divitense
809 4235 1011 4312 captantium,
1042 4233 1120 4292 bono
1143 4235 1287 4313 maloque
1317 4235 1509 4313 Magum,

344 4338 417 4397 ibid.
439 4338 491 4402 94.
530 4340 603 4400 Ibid.
629 4340 700 4403 118.
747 4337 856 4396 Omnes
876 4347 977 4394 autern
1006 4337 1087 4396 male
1116 4336 1206 4396 habeo
1231 4339 1407 4418 ignorantia
1435 4336 1509 4394 veri.

345 4441 446 4502 Senes.
467 4443 585 4502 Consol.
616 4445 653 4501 ad
680 4439 763 4500 Heln.
795 4441 823 4501 9.
865 4438 1028 4517 Angustia
1055 4441 1176 4497 animno
1205 4451 1248 4499 est
1275 4459 1362 4520 quem
1392 4449 1511 4496 terreno

344 4552 463 4600 torrent.
497 4545 554 4602 Ad
575 4544 632 4603 illo
657 4540 853 4602 abducendus
879 4552 946 4614 sot,¹
975 4560 1053 4622 quoe
1081 4537 1193 4620 ubique
1220 4561 1317 4622 osque
1346 4551 1508 4622 apparent,
