3472 5320
236 531 299 596 168
342 529 552 593 confflem.
568 531 717 594 INHOR.
738 534 813 594 LIB.
830 535 852 594 1.
876 535 1001 596 EPIST.
1014 535 1268 600 8111108001.
1312 533 1374 598 323

182 780 185 801 Ι
232 719 348 778 mitum
362 717 494 780 hamum.
514 720 558 780 Ex
572 724 837 782 commemoratione
849 722 935 780 hami
953 725 996 800 (7,
1008 720 1058 786 74.
1077 723 1246 788 0111111.
1258 725 1373 800 8,858.

236 825 290 900 15,
303 821 376 888 476.
392 839 426 886 e'x
442 825 525 886 Pone
537 825 568 900 2,
583 825 615 898 7,
633 825 664 886 9.
678 823 746 888 Τ16.
763 827 793 900 2,
809 827 838 899 6,
851 824 916 904 24.)
936 825 1044 902 piscem
1064 823 1164 902 (Ovid.
1184 825 1307 884 Helieut·
1323 825 1374 888 95.

234 925 308 985 Plin.
328 927 364 986 fl.
379 925 418 986 N.
434 929 466 1004 9,
480 924 555 1002 27.),
575 944 632 984 non
650 944 740 1001 aven,
761 945 845 1003 quem
867 928 981 1003 quidem
999 925 1158 1004 intelligunt
1175 925 1374 1002 Heberfeldus,

233 1025 369 1103 Vossius,
386 1027 522 1104 scheller,
542 1026 611 1087 Dec.
629 1029 746 1103 Sanod,
765 1027 812 1105 nl,
826 1029 977 1107 significari
991 1037 1117 1106 apparet.
1130 1029 1215 1088 Conf.
1227 1029 1372 1106 Deering.

320 1129 356 1188 V.
380 1129 431 1194 52.
471 1129 667 1188 Oderunt-
692 1150 800 1195 umore,
833 1130 994 1190 Sententia:
1024 1131 1097 1205 „Vir
1125 1131 1216 1188 bonne
1245 1137 1289 1190 ent
1315 1152 1375 1190 non

231 1233 282 1310 qni
296 1232 448 1292 formidine
468 1252 579 1311 poenae
600 1231 711 1310 legibus
733 1233 912 1312 obtemperat
932 1233 969 1290 ed
991 1233 1080 1290 inetur
1102 1233 1176 1290 cnuti
1194 1231 1267 1292 illine
1288 1233 1373 1308 servi,

233 1335 288 1394 ted
308 1333 353 1392 cui
373 1353 407 1392 ex
432 1333 497 1411 ipso
521 1336 630 1394 virtutis
658 1354 753 1394 umore
781 1335 867 1393 officii
891 1337 998 1393 fructus
1024 1334 1117 1412 ipsum
1145 1333 1269 1394 officium
1297 1336 1373 1393 est.“

232 1433 278 1494 Ex
297 1435 351 1494 lroc
374 1435 577 1495 sententiarum
599 1437 697 1495 ordine
719 1437 788 1494 netis
809 1444 945 1514 apparet,
972 1453 1084 1493 versum
1104 1435 1154 1500 52.
1176 1453 1239 1494 cum
1259 1441 1375 1494 antece-

231 1535 367 1598 dentibus
387 1538 476 1596 artius
494 1539 722 1614 conjungendum
745 1555 818 1598 esee.
862 1537 926 1596 Hoc
947 1537 1135 1596 Drinuerum
1156 1555 1269 1614 quoque
1294 1543 1372 1596 recte

232 1639 362 1698 sensisse
390 1639 535 1726 laetamur.
577 1639 711 1698 Ceterum
738 1641 767 1700 in
789 1639 842 1700 hec
867 1639 1011 1700 verissima
1038 1639 1178 1699 sententie
1200 1637 1280 1696 multi
1307 1643 1372 1696 eunt

231 1748 345 1801 veteres
369 1742 543 1818 scriptores,
572 1747 603 1800 ut
629 1748 749 1820 propter
775 1741 913 1818 quosdam
939 1743 1082 1801 literarum
1104 1740 1279 1816 entiquemm
1304 1757 1371 1798 con·

232 1849 393 1922 temptores
413 1841 520 1920 aliquot
548 1843 626 1902 locon
650 1844 795 1922 principes
820 1843 945 1902 indicere
969 1862 1074 1921 operae
1098 1842 1221 1920 pretinm
1242 1861 1307 1900 esee
1328 1841 1372 1898 ri-

233 1945 345 2005 dentur.
365 1945 410 2002 ltn
431 1945 491 2003 Cic.
513 1945 550 2003 de
569 1943 631 2008 mn.
651 1944 682 2019 2,
706 1946 757 2019 22,
779 1945 831 2006 72.
874 1943 915 2002 Id
934 1947 1012 2002 enim
1032 1944 1183 2013 volumno,
1204 1943 1238 2001 id
1255 1954 1372 2002 conun-

233 2046 353 2118 dimne,
380 2057 413 2104 ut
433 2046 658 2125 officiisruetue
679 2048 718 2104 eit
737 2047 836 2122 iprum
854 2045 991 2124 effutiam.
1021 2042 1227 2124 1511.,2,14,
1247 2044 1297 2111 45.
1320 2045 1372 2121 15,

232 2147 286 2213 48.
307 2146 359 2211 49.
391 2149 442 2219 81,
464 2149 515 2211 99.
543 2147 574 2224 3,
596 2151 626 2221 9,
644 2149 695 2213 82.
728 2149 779 2222 11,
802 2147 853 2212 86.
885 2148 926 2206 11.
947 2149 982 2207 de
1003 2146 1097 2226 Legg.
1122 2151 1152 2224 1,
1176 2149 1226 2218 18,
1249 2149 1299 2213 48.
1320 2145 1372 2210 49.

234 2252 286 2326 19,
309 2251 360 2315 80.
394 2250 515 2308 Etenim
534 2269 635 2307 omuee
655 2252 714 2308 viri
740 2249 810 2308 boni
829 2253 928 2328 ipram
948 2253 1127 2328 aequitatem
1152 2261 1179 2307 et
1193 2254 1250 2324 jue
1270 2252 1372 2327 iprum

231 2363 357 2423 amnt,
381 2371 435 2411 nec
456 2363 499 2410 eet
518 2354 578 2410 eu'ri
598 2349 686 2424 boni,
710 2373 807 2410 errnre
827 2363 856 2410 et
876 2351 1012 2432 diligere,
1033 2352 1116 2431 quod
1126 2371 1183 2430 per
1197 2366 1231 2409 ee
1251 2371 1312 2408 reon
1331 2353 1371 2409 eit

231 2451 420 2533 diligendum
441 2461 495 2513 etc.
527 2453 598 2518 1511.
622 2457 657 2531 1,
681 2452 737 2532 14,
759 2457 810 2519 41.
838 2456 913 2512 [llum
933 2467 1051 2526 autem,
1079 2457 1134 2535 qui
1154 2473 1214 2512 nou
1235 2455 1298 2530 ipro
1319 2452 1371 2510 ho.

230 2567 312 2614 nerto
339 2575 510 2626 movemur,
541 2567 576 2613 ut
599 2554 669 2613 boui
695 2559 754 2613 viri
778 2559 890 2633 eimuo,
918 2557 972 2615 red
996 2557 1125 2613 utilitate
1143 2557 1259 2637 ¹aliqua
1281 2568 1371 2635 atque

220 2655 351 2735 sirecte,
378 2657 485 2716 caltidi
504 2679 627 2729 πωπω,
648 2679 708 2716 uere
729 2657 809 2717 boni.
836 2658 878 2720 11.
900 2675 944 2738 pr.
964 2659 1026 2718 Mil.
1048 2659 1107 2734 85,
1128 2661 1180 2722 96.
1216 2655 1318 2716 Fortes
1343 2670 1372 2715 et

230 2763 376 2838 cupienten
396 2761 457 2818 viri
476 2779 535 2818 uon
552 2771 616 2817 tam
633 2763 772 2839 praemia
788 2764 872 2840 eequi
888 2763 983 2820 nolent
1002 2771 1077 2818 recte
1085 2761 1257 2840 sactorum,
1279 2779 1370 2838 quum

230 2863 299 2938 ipen
319 2875 396 2918 recte
409 2861 511 2938 fecta.
540 2863 583 2925 ld.
604 2863 745 2936 1111111.
767 2865 804 2937 7,
829 2865 865 2938 2,
889 2861 919 2925 4.
954 2861 1043 2919 Tusc.
1068 2867 1095 2932 1,
1116 2861 1169 2935 88,
1188 2862 1239 2923 91.
1264 2863 1296 2934 2,
1318 2861 1370 2937 20,

230 2965 283 3026 46.
304 2963 337 3038 8,
359 2965 410 3038 17,
428 2963 479 3026 87.
501 2962 602 3040 4,15,
623 2961 676 3026 84.
698 2965 734 3022 de
756 2963 816 3022 011.
839 2967 867 3040 1,
886 2958 916 3038 4,
939 2959 979 3025 14
996 2961 1047 3038 (ib.
1068 2961 1186 3040 (incer.)
1204 2962 1235 3036 9,
1258 2961 1298 3024 28
1317 2960 1369 3037 (ib.

227 3065 335 3144 Beier).
351 3066 397 3138 ’8,
419 3061 450 3137 4,
476 3067 524 3127 17.
554 3066 603 3130 18.
626 3067 657 3141 8,
678 3063 728 3126 85.
757 3065 788 3138 9,
810 3064 861 3126 88.
885 3064 937 3126 89.
963 3061 1067 3125 Perud,
1089 3061 1121 3139 5,
1143 3065 1172 3139 1,
1194 3060 1244 3126 84.
1271 3063 1369 3122 Somn.

228 3167 307 3248 scip.
332 3169 362 3230 7.
382 3166 469 3225 Aoed·
492 3169 522 3242 2,
545 3169 597 3243 46,
619 3165 688 3230 140.
709 3166 811 3226 Senec.
828 3164 920 3243 Epist
940 3162 992 3228 41.
1014 3166 1064 3227 76.
1088 3165 1164 3228 118:
1176 3165 1213 3224 de
1230 3163 1369 3228 Clement.

228 3271 310 3346 1,1.
336 3270 373 3328 de
393 3265 516 3328 Benefie.
537 3264 575 3346 4,
599 3271 627 3332 1.
657 3270 693 3328 de
715 3267 770 3328 vit.
785 3266 867 3325 beet.
885 3269 916 3329 9.
954 3267 1141 3347 Interrogae,
1167 3267 1243 3346 qru'd
1267 3278 1368 3345 petam

228 3389 263 3428 ex
283 3370 413 3430 virtute?
438 3371 544 3448 ipram.
586 3369 679 3428 Nihil
697 3372 776 3426 enim
798 3381 840 3427 eet
859 3368 982 3427 metuo:
1008 3371 1076 3446 ipen
1092 3371 1224 3446 pretium
1244 3373 1293 3428 cui
1313 3379 1365 3429 eet.

225 3473 269 3537 11.
289 3474 380 3551 Epist.
401 3475 452 3536 81.
486 3471 640 3531 Virtutum
657 3473 790 3531 omm'um
806 3471 939 3549 pretium
958 3473 992 3528 ire
1008 3472 1085 3547 ¹iptio
1106 3481 1158 3530 eet.
1192 3471 1266 3530 Non
1287 3475 1367 3529 enim

225 3583 397 3634 ermenmr
423 3573 467 3632 acl
488 3577 672 3653 praeratum:
703 3585 780 3632 recte
796 3574 884 3653 sacti
907 3583 950 3630 ert
964 3573 1084 3648 sectore.
1122 3573 1229 3632 Similia
1254 3574 1367 3652 collegit

224 3673 323 3740 Barth.
345 3677 382 3735 nd
404 3673 502 3740 ctaun
521 3677 677 3754 Paneuin
705 3675 796 3736 Cone.
821 3675 908 3738 Mnnl.
931 3647 960 3738 1'.
987 3695 1016 3754 p.
1041 3675 1082 3738 66
1108 3694 1170 3753 sq.,
1199 3675 1273 3734 udde
1295 3676 1366 3738 Tne.

226 3779 297 3837 Ann.
317 3779 350 3855 8,
372 3780 425 3855 26,
447 3781 476 3842 1.
498 3777 643 3858 (Rupert.)
672 3779 758 3841 Ovid.
782 3799 816 3839 ex
839 3777 923 3838 Pont.
945 3777 977 3853 2,
997 3775 1030 3853 8,
1050 3775 1102 3839 85.
1128 3773 1199 3834 Plin.
1221 3775 1312 3854 Epist.
1337 3781 1365 3846 1,

213 3879 278 3954 22,
296 3879 326 3942 5.
343 3884 378 3942 A.
398 3879 473 3940 Gell.
491 3883 542 3959 12,
562 3884 610 3945 11.
628 3880 787 3957 Ριι1)1.8γῐ.
808 3880 870 3942 994
884 3878 997 3956 (Both.)
1021 3878 1097 3937 ortu>
1113 3889 1223 3956 oportet
1245 3889 1279 3935 ut
1294 3897 1366 3956 pec-

224 3979 328 4050 emndi,
346 4001 405 4038 non
421 3993 515 4053 metu,
525 3981 634 4060 faciae
652 3981 767 4042 bonnam.
790 3981 945 4046 1611452.
959 3981 1032 4045 647.
1054 3982 1093 4041 At
1106 3983 1193 4059 ipsius
1208 3981 1366 4040 sententiae

223 4175 286 4246 lpun
301 4172 428 4226 tarditate
446 4175 534 4245 megin
549 4175 687 4245 magique
706 4183 841 4244 ruopertus
861 4174 920 4227 cliro
936 4173 1110 4225 comminatur
1127 4169 1253 4238 Myrmeci
1269 4170 1366 4239 suppli-

223 4261 272 4312 ee'e.
287 4257 415 4312 Anniam
426 4259 517 4325 16,12.
532 4261 674 4328 aupertior
684 4262 717 4314 ‹le
732 4260 846 4313 oteeurir
856 4276 904 4311 nec
915 4263 1015 4326 referre
1025 4258 1151 4326 partum,
1163 4271 1247 4322 neque
1257 4253 1366 4307 ulterius

222 4342 389 4400 nouarum
398 4340 573 4408 Ulnnlell,
585 4345 646 4398 ere.
660 4327 720 4398 utu
731 4345 807 4398 uno
818 4351 952 4412 rupium
963 4359 1042 4411 aga.
1054 4340 1151 4394 uum
1165 4345 1252 4392 anum
1267 4347 1298 4390 ue
1313 4355 1366 4404 ,o

223 4427 358 4494 Merme,
377 4427 394 4480 1.
411 4437 436 4478 e.
451 4417 582 4496 ἆπέχηαι
596 4429 720 4499 Xenoph.
736 4430 853 4494 1110112,
869 4431 893 4492 2,
909 4424 952 4482 14.
967 4435 996 4478 et
1008 4426 1061 4480 01.
1076 4420 1211 4491 2,1t,16.
1228 4423 1263 4476 of.
1274 4423 1363 4477 niti.

224 4513 258 4566 etl
272 4514 326 4567 01.
340 4513 367 4580 8,
383 4507 427 4578 14,
443 4509 485 4565 15.
501 4520 530 4564 et
543 4511 612 4567 inire
628 4531 655 4569 r.
671 4517 714 4568 60.
739 4515 781 4567 De
798 4511 918 4567 turneio
931 4527 1040 4565 numero
1054 4508 1195 4578 (86-88)
1210 4509 1245 4562 cl.
1261 4508 1364 4578 13,18.

221 4603 250 4650 et
264 4597 378 4656 Dillenb.
395 4597 428 4650 ed
444 4597 498 4652 01.
514 4593 540 4664 4,
555 4592 583 4667 4,
598 4599 641 4653 80.
656 4599 717 4654 coll.
732 4599 843 4668 Hernog
857 4599 891 4652 ed
905 4597 973 4652 siu.
987 4598 1048 4664 Jug·
1063 4593 1147 4665 48,1.

967 4673 1033 4735 tl*
1066 4679 1117 4751 (11
1130 4676 1158 4744 o
