<?xml version="1.0" encoding="UTF-8"?>
<!DOCTYPE html PUBLIC "-//W3C//DTD XHTML 1.0 Transitional//EN"
    "http://www.w3.org/TR/xhtml1/DTD/xhtml1-transitional.dtd">
<html xmlns="http://www.w3.org/1999/xhtml" xml:lang="en" lang="en">
 <head>
  <title>
</title>
<meta http-equiv="Content-Type" content="text/html;charset=utf-8" />
  <meta name='ocr-system' content='tesseract 3.04.00' />
  <meta name='ocr-capabilities' content='ocr_page ocr_carea ocr_par ocr_line ocrx_word'/>
</head>
<body>
  <div class='ocr_page' id='page_1' title='image "./quintihoratiifl00schmgoog_0569.png"; bbox 0 0 3426 5334; ppageno 0'>
   <div class='ocr_carea' id='block_1_1' title="bbox 373 297 380 331">
    <p class='ocr_par' dir='ltr' id='par_1_1' title="bbox 373 297 380 331">
     <span class='ocr_line' id='line_1_1' title="bbox 373 297 380 331; baseline 0 0"><span class='ocrx_word' id='word_1_1' title='bbox 373 297 380 331; x_wconf 92' lang='lat' dir='ltr'>l</span> 
     </span>
    </p>
   </div>
   <div class='ocr_carea' id='block_1_2' title="bbox 333 495 1011 573">
    <p class='ocr_par' dir='ltr' id='par_1_2' title="bbox 333 495 1011 573">
     <span class='ocr_line' id='line_1_2' title="bbox 333 495 1011 573; baseline 0.004 -3"><span class='ocrx_word' id='word_1_2' title='bbox 333 507 396 572; x_wconf 86' lang='grc'>558</span> <span class='ocrx_word' id='word_1_3' title='bbox 805 495 1011 573; x_wconf 79' lang='lat' dir='ltr'>EPlLOGUS.</span> 
     </span>
    </p>
   </div>
   <div class='ocr_carea' id='block_1_3' title="bbox 698 997 1112 1083">
    <p class='ocr_par' dir='ltr' id='par_1_3' title="bbox 698 997 1112 1083">
     <span class='ocr_line' id='line_1_3' title="bbox 698 997 1112 1083; baseline -0.007 0"><span class='ocrx_word' id='word_1_4' title='bbox 698 997 1112 1083; x_wconf 67' lang='lat' dir='ltr'>tritonus.</span> 
     </span>
    </p>
   </div>
   <div class='ocr_carea' id='block_1_4' title="bbox 333 1229 1480 2634">
    <p class='ocr_par' dir='ltr' id='par_1_4' title="bbox 333 1229 1480 2634">
     <span class='ocr_line' id='line_1_4' title="bbox 417 1229 1475 1311; baseline -0.002 -21"><span class='ocrx_word' id='word_1_5' title='bbox 417 1230 530 1291; x_wconf 76' lang='lat' dir='ltr'>Horatii</span> <span class='ocrx_word' id='word_1_6' title='bbox 547 1230 617 1290; x_wconf 89' lang='lat' dir='ltr'>liber</span> <span class='ocrx_word' id='word_1_7' title='bbox 635 1229 826 1311; x_wconf 74' lang='lat' dir='ltr'><strong>Epistularum</strong></span> <span class='ocrx_word' id='word_1_8' title='bbox 846 1232 875 1289; x_wconf 94' lang='lat' dir='ltr'>in</span> <span class='ocrx_word' id='word_1_9' title='bbox 894 1230 1033 1310; x_wconf 87' lang='lat' dir='ltr'>publicum</span> <span class='ocrx_word' id='word_1_10' title='bbox 1055 1233 1174 1292; x_wconf 84' lang='lat' dir='ltr'>emissus</span> <span class='ocrx_word' id='word_1_11' title='bbox 1192 1235 1260 1310; x_wconf 86' lang='lat' dir='ltr'>post</span> <span class='ocrx_word' id='word_1_12' title='bbox 1280 1231 1357 1288; x_wconf 84' lang='lat' dir='ltr'>varia</span> <span class='ocrx_word' id='word_1_13' title='bbox 1378 1231 1475 1288; x_wconf 89' lang='lat' dir='ltr'>discri-</span> 
     </span>
     <span class='ocr_line' id='line_1_5' title="bbox 334 1313 1480 1412; baseline -0.001 -21"><span class='ocrx_word' id='word_1_14' title='bbox 334 1334 409 1392; x_wconf 86' lang='lat' dir='ltr'>mina</span> <span class='ocrx_word' id='word_1_15' title='bbox 430 1353 539 1409; x_wconf 89' lang='lat' dir='ltr'>rerum,</span> <span class='ocrx_word' id='word_1_16' title='bbox 560 1353 633 1412; x_wconf 78' lang='lat' dir='ltr'>quae</span> <span class='ocrx_word' id='word_1_17' title='bbox 654 1335 680 1393; x_wconf 87' lang='lat' dir='ltr'>ei</span> <span class='ocrx_word' id='word_1_18' title='bbox 700 1335 821 1411; x_wconf 78' lang='lat' dir='ltr'><strong>scriptor</strong></span> <span class='ocrx_word' id='word_1_19' title='bbox 838 1339 870 1391; x_wconf 88' lang='lat' dir='ltr'>nt</span> <span class='ocrx_word' id='word_1_20' title='bbox 889 1313 1150 1411; x_wconf 80' lang='lat' dir='ltr'>augurpraedicit,</span> <span class='ocrx_word' id='word_1_21' title='bbox 1171 1333 1285 1392; x_wconf 88' lang='lat' dir='ltr'>tandem</span> <span class='ocrx_word' id='word_1_22' title='bbox 1304 1333 1427 1392; x_wconf 83' lang='lat' dir='ltr'>senescit</span> <span class='ocrx_word' id='word_1_23' title='bbox 1448 1339 1480 1390; x_wconf 89' lang='lat' dir='ltr'>et</span> 
     </span>
     <span class='ocr_line' id='line_1_6' title="bbox 333 1432 1478 1514; baseline -0.002 -18"><span class='ocrx_word' id='word_1_24' title='bbox 333 1437 362 1496; x_wconf 87' lang='lat' dir='ltr'>in</span> <span class='ocrx_word' id='word_1_25' title='bbox 383 1435 436 1494; x_wconf 85' lang='lat' dir='ltr'>huc</span> <span class='ocrx_word' id='word_1_26' title='bbox 456 1438 559 1494; x_wconf 84' lang='lat' dir='ltr'>misero</span> <span class='ocrx_word' id='word_1_27' title='bbox 586 1437 660 1496; x_wconf 86' lang='lat' dir='ltr'>vitae</span> <span class='ocrx_word' id='word_1_28' title='bbox 681 1437 842 1496; x_wconf 83' lang='lat' dir='ltr'>conditione</span> <span class='ocrx_word' id='word_1_29' title='bbox 863 1433 1056 1514; x_wconf 75' lang='lat' dir='ltr'>ludimagister</span> <span class='ocrx_word' id='word_1_30' title='bbox 1081 1432 1143 1496; x_wconf 81' lang='lat' dir='ltr'>fieri</span> <span class='ocrx_word' id='word_1_31' title='bbox 1170 1436 1288 1514; x_wconf 79' lang='lat' dir='ltr'>cogitur.</span> <span class='ocrx_word' id='word_1_32' title='bbox 1343 1433 1370 1492; x_wconf 92' lang='lat' dir='ltr'>ls</span> <span class='ocrx_word' id='word_1_33' title='bbox 1390 1453 1478 1494; x_wconf 81' lang='lat' dir='ltr'><strong>senex</strong></span> 
     </span>
     <span class='ocr_line' id='line_1_7' title="bbox 333 1536 1478 1616; baseline -0.001 -22"><span class='ocrx_word' id='word_1_34' title='bbox 333 1556 437 1615; x_wconf 87' lang='lat' dir='ltr'>pueros</span> <span class='ocrx_word' id='word_1_35' title='bbox 456 1536 652 1596; x_wconf 86' lang='lat' dir='ltr'>elementarios</span> <span class='ocrx_word' id='word_1_36' title='bbox 673 1537 757 1596; x_wconf 88' lang='lat' dir='ltr'>docet</span> <span class='ocrx_word' id='word_1_37' title='bbox 774 1545 820 1612; x_wconf 88' lang='lat' dir='ltr'>et,</span> <span class='ocrx_word' id='word_1_38' title='bbox 842 1556 926 1614; x_wconf 87' lang='lat' dir='ltr'>quum</span> <span class='ocrx_word' id='word_1_39' title='bbox 944 1557 1011 1596; x_wconf 82' lang='lat' dir='ltr'>srrns</span> <span class='ocrx_word' id='word_1_40' title='bbox 1029 1539 1140 1597; x_wconf 85' lang='lat' dir='ltr'>scholas</span> <span class='ocrx_word' id='word_1_41' title='bbox 1158 1537 1263 1616; x_wconf 78' lang='lat' dir='ltr'>sperit,</span> <span class='ocrx_word' id='word_1_42' title='bbox 1285 1555 1363 1594; x_wconf 90' lang='lat' dir='ltr'>more</span> <span class='ocrx_word' id='word_1_43' title='bbox 1377 1538 1478 1595; x_wconf 91' lang='lat' dir='ltr'>modo-</span> 
     </span>
     <span class='ocr_line' id='line_1_8' title="bbox 334 1621 1479 1719; baseline 0.003 -22"><span class='ocrx_word' id='word_1_44' title='bbox 334 1621 390 1718; x_wconf 86' lang='lat' dir='ltr'>¹quc</span> <span class='ocrx_word' id='word_1_45' title='bbox 410 1641 654 1719; x_wconf 81' lang='lat' dir='ltr'>grammaticorum</span> <span class='ocrx_word' id='word_1_46' title='bbox 681 1640 766 1698; x_wconf 79' lang='lat' dir='ltr'>vitem</span> <span class='ocrx_word' id='word_1_47' title='bbox 787 1640 865 1718; x_wconf 85' lang='lat' dir='ltr'>ejus,</span> <span class='ocrx_word' id='word_1_48' title='bbox 892 1658 944 1717; x_wconf 90' lang='lat' dir='ltr'>per</span> <span class='ocrx_word' id='word_1_49' title='bbox 970 1660 1053 1716; x_wconf 90' lang='lat' dir='ltr'>quem</span> <span class='ocrx_word' id='word_1_50' title='bbox 1075 1637 1227 1717; x_wconf 85' lang='lat' dir='ltr'>discipulos</span> <span class='ocrx_word' id='word_1_51' title='bbox 1249 1637 1393 1698; x_wconf 86' lang='lat' dir='ltr'>literarum</span> <span class='ocrx_word' id='word_1_52' title='bbox 1419 1639 1479 1700; x_wconf 84' lang='lat' dir='ltr'>ele·</span> 
     </span>
     <span class='ocr_line' id='line_1_9' title="bbox 334 1729 1479 1819; baseline 0.002 -21"><span class='ocrx_word' id='word_1_53' title='bbox 334 1747 428 1800; x_wconf 87' lang='lat' dir='ltr'>menta</span> <span class='ocrx_word' id='word_1_54' title='bbox 448 1729 560 1800; x_wconf 81' lang='lat' dir='ltr'>edoceri</span> <span class='ocrx_word' id='word_1_55' title='bbox 585 1737 659 1818; x_wconf 84' lang='lat' dir='ltr'>vult,</span> <span class='ocrx_word' id='word_1_56' title='bbox 685 1746 808 1804; x_wconf 76' lang='lat' dir='ltr'>enarrat.</span> <span class='ocrx_word' id='word_1_57' title='bbox 849 1741 988 1819; x_wconf 87' lang='lat' dir='ltr'>Proponit</span> <span class='ocrx_word' id='word_1_58' title='bbox 1006 1742 1092 1819; x_wconf 75' lang='lat' dir='ltr'>igitur</span> <span class='ocrx_word' id='word_1_59' title='bbox 1111 1740 1166 1800; x_wconf 86' lang='lat' dir='ltr'>illis</span> <span class='ocrx_word' id='word_1_60' title='bbox 1187 1739 1292 1799; x_wconf 83' lang='lat' dir='ltr'>Poetae</span> <span class='ocrx_word' id='word_1_61' title='bbox 1314 1761 1405 1818; x_wconf 80' lang='lat' dir='ltr'>genus</span> <span class='ocrx_word' id='word_1_62' title='bbox 1424 1741 1479 1800; x_wconf 86' lang='lat' dir='ltr'>hu-</span> 
     </span>
     <span class='ocr_line' id='line_1_10' title="bbox 333 1825 1478 1923; baseline 0 -23"><span class='ocrx_word' id='word_1_63' title='bbox 333 1841 399 1900; x_wconf 87' lang='lat' dir='ltr'>mile</span> <span class='ocrx_word' id='word_1_64' title='bbox 420 1841 550 1918; x_wconf 84' lang='lat' dir='ltr'>qnidem,</span> <span class='ocrx_word' id='word_1_65' title='bbox 572 1825 623 1900; x_wconf 80' lang='lat' dir='ltr'>sed</span> <span class='ocrx_word' id='word_1_66' title='bbox 643 1842 790 1901; x_wconf 83' lang='lat' dir='ltr'>virtutibus</span> <span class='ocrx_word' id='word_1_67' title='bbox 811 1844 1004 1923; x_wconf 77' lang='lat' dir='ltr'>conopicuum,</span> <span class='ocrx_word' id='word_1_68' title='bbox 1030 1848 1242 1916; x_wconf 83' lang='lat' dir='ltr'>commemorat,</span> <span class='ocrx_word' id='word_1_69' title='bbox 1271 1861 1328 1919; x_wconf 92' lang='lat' dir='ltr'>quo</span> <span class='ocrx_word' id='word_1_70' title='bbox 1347 1849 1431 1920; x_wconf 78' lang='lat' dir='ltr'>pecto</span> <span class='ocrx_word' id='word_1_71' title='bbox 1451 1843 1478 1900; x_wconf 88' lang='lat' dir='ltr'>is</span> 
     </span>
     <span class='ocr_line' id='line_1_11' title="bbox 333 1933 1478 2022; baseline 0.002 -22"><span class='ocrx_word' id='word_1_72' title='bbox 333 1933 423 2020; x_wconf 80' lang='lat' dir='ltr'>supra</span> <span class='ocrx_word' id='word_1_73' title='bbox 443 1945 599 2019; x_wconf 74' lang='lat' dir='ltr'>fortunam,</span> <span class='ocrx_word' id='word_1_74' title='bbox 629 1944 734 2020; x_wconf 77' lang='lat' dir='ltr'>in‘qua</span> <span class='ocrx_word' id='word_1_75' title='bbox 754 1951 837 2004; x_wconf 81' lang='lat' dir='ltr'>natus</span> <span class='ocrx_word' id='word_1_76' title='bbox 856 1947 909 2022; x_wconf 86' lang='lat' dir='ltr'>sit,</span> <span class='ocrx_word' id='word_1_77' title='bbox 935 1947 1097 2004; x_wconf 79' lang='lat' dir='ltr'>escenderit</span> <span class='ocrx_word' id='word_1_78' title='bbox 1120 1943 1291 2021; x_wconf 78' lang='lat' dir='ltr'>summisque</span> <span class='ocrx_word' id='word_1_79' title='bbox 1313 1933 1390 2001; x_wconf 82' lang='lat' dir='ltr'>urbis</span> <span class='ocrx_word' id='word_1_80' title='bbox 1409 1943 1478 2002; x_wconf 71' lang='lat' dir='ltr'>riri·</span> 
     </span>
     <span class='ocr_line' id='line_1_12' title="bbox 333 2031 1478 2129; baseline 0.002 -27"><span class='ocrx_word' id='word_1_81' title='bbox 333 2031 362 2102; x_wconf 85' lang='lat' dir='ltr'>in</span> <span class='ocrx_word' id='word_1_82' title='bbox 383 2045 483 2123; x_wconf 84' lang='lat' dir='ltr'>quovis</span> <span class='ocrx_word' id='word_1_83' title='bbox 502 2045 575 2104; x_wconf 83' lang='lat' dir='ltr'>vitae</span> <span class='ocrx_word' id='word_1_84' title='bbox 594 2050 669 2104; x_wconf 83' lang='lat' dir='ltr'>statu</span> <span class='ocrx_word' id='word_1_85' title='bbox 689 2042 843 2129; x_wconf 79' lang='lat' dir='ltr'>placuerit,</span> <span class='ocrx_word' id='word_1_86' title='bbox 868 2049 1010 2126; x_wconf 75' lang='lat' dir='ltr'>significat</span> <span class='ocrx_word' id='word_1_87' title='bbox 1029 2045 1158 2124; x_wconf 89' lang='lat' dir='ltr'>corporis</span> <span class='ocrx_word' id='word_1_88' title='bbox 1180 2045 1320 2124; x_wconf 82' lang='lat' dir='ltr'>animique</span> <span class='ocrx_word' id='word_1_89' title='bbox 1341 2051 1478 2104; x_wconf 76' lang='lat' dir='ltr'>naturam.</span> 
     </span>
     <span class='ocr_line' id='line_1_13' title="bbox 334 2145 1477 2228; baseline 0.002 -25"><span class='ocrx_word' id='word_1_90' title='bbox 334 2145 398 2214; x_wconf 78' lang='lat' dir='ltr'>Jam</span> <span class='ocrx_word' id='word_1_91' title='bbox 419 2147 543 2226; x_wconf 81' lang='lat' dir='ltr'>siquis,</span> <span class='ocrx_word' id='word_1_92' title='bbox 571 2149 612 2205; x_wconf 81' lang='lat' dir='ltr'>sic</span> <span class='ocrx_word' id='word_1_93' title='bbox 631 2149 712 2206; x_wconf 86' lang='lat' dir='ltr'>addit</span> <span class='ocrx_word' id='word_1_94' title='bbox 733 2167 767 2208; x_wconf 85' lang='lat' dir='ltr'>ex</span> <span class='ocrx_word' id='word_1_95' title='bbox 785 2168 838 2208; x_wconf 87' lang='lat' dir='ltr'>sna</span> <span class='ocrx_word' id='word_1_96' title='bbox 857 2167 979 2228; x_wconf 91' lang='lat' dir='ltr'>persona</span> <span class='ocrx_word' id='word_1_97' title='bbox 999 2147 1151 2224; x_wconf 80' lang='lat' dir='ltr'>Horatius,</span> <span class='ocrx_word' id='word_1_98' title='bbox 1179 2147 1216 2205; x_wconf 89' lang='lat' dir='ltr'>de</span> <span class='ocrx_word' id='word_1_99' title='bbox 1236 2165 1299 2207; x_wconf 85' lang='lat' dir='ltr'>men</span> <span class='ocrx_word' id='word_1_100' title='bbox 1319 2147 1363 2206; x_wconf 86' lang='lat' dir='ltr'>vel</span> <span class='ocrx_word' id='word_1_101' title='bbox 1383 2153 1477 2208; x_wconf 86' lang='lat' dir='ltr'>aetate</span> 
     </span>
     <span class='ocr_line' id='line_1_14' title="bbox 334 2248 1477 2332; baseline 0.003 -27"><span class='ocrx_word' id='word_1_102' title='bbox 334 2255 466 2324; x_wconf 79' lang='lat' dir='ltr'>quaeret,</span> <span class='ocrx_word' id='word_1_103' title='bbox 492 2249 516 2306; x_wconf 91' lang='lat' dir='ltr'>is</span> <span class='ocrx_word' id='word_1_104' title='bbox 538 2250 627 2326; x_wconf 88' lang='lat' dir='ltr'>sciat,</span> <span class='ocrx_word' id='word_1_105' title='bbox 652 2267 699 2310; x_wconf 90' lang='lat' dir='ltr'>me</span> <span class='ocrx_word' id='word_1_106' title='bbox 727 2248 821 2310; x_wconf 89' lang='lat' dir='ltr'>Lollio</span> <span class='ocrx_word' id='word_1_107' title='bbox 848 2256 880 2309; x_wconf 88' lang='lat' dir='ltr'>et</span> <span class='ocrx_word' id='word_1_108' title='bbox 904 2249 1016 2332; x_wconf 90' lang='lat' dir='ltr'>Lepido</span> <span class='ocrx_word' id='word_1_109' title='bbox 1039 2268 1114 2308; x_wconf 86' lang='lat' dir='ltr'>coss.</span> <span class='ocrx_word' id='word_1_110' title='bbox 1143 2249 1330 2326; x_wconf 67' lang='lat' dir='ltr'>quadraginta</span> <span class='ocrx_word' id='word_1_111' title='bbox 1358 2257 1477 2326; x_wconf 81' lang='lat' dir='ltr'>quatuor</span> 
     </span>
     <span class='ocr_line' id='line_1_15' title="bbox 334 2337 1476 2430; baseline 0.008 -24"><span class='ocrx_word' id='word_1_112' title='bbox 334 2345 499 2408; x_wconf 65' lang='lat' dir='ltr'>namura</span> <span class='ocrx_word' id='word_1_113' title='bbox 519 2353 676 2428; x_wconf 61' lang='lat' dir='ltr'>perenne.</span> <span class='ocrx_word' id='word_1_114' title='bbox 716 2337 778 2410; x_wconf 77' lang='lat' dir='ltr'>tam</span> <span class='ocrx_word' id='word_1_115' title='bbox 799 2354 878 2412; x_wconf 65' lang='lat' dir='ltr'>aaa</span> <span class='ocrx_word' id='word_1_116' title='bbox 891 2353 999 2412; x_wconf 72' lang='lat' dir='ltr'>Poetae</span> <span class='ocrx_word' id='word_1_117' title='bbox 1018 2351 1104 2409; x_wconf 73' lang='lat' dir='ltr'>viam</span> <span class='ocrx_word' id='word_1_118' title='bbox 1116 2347 1197 2408; x_wconf 71' lang='lat' dir='ltr'>uuae</span> <span class='ocrx_word' id='word_1_119' title='bbox 1218 2357 1280 2410; x_wconf 71' lang='lat' dir='ltr'>arte</span> <span class='ocrx_word' id='word_1_120' title='bbox 1297 2352 1476 2430; x_wconf 57' lang='lat' dir='ltr'>anaspum.</span> 
     </span>
     <span class='ocr_line' id='line_1_16' title="bbox 333 2448 1478 2532; baseline 0.003 -24"><span class='ocrx_word' id='word_1_121' title='bbox 333 2448 436 2526; x_wconf 87' lang='lat' dir='ltr'>Neque</span> <span class='ocrx_word' id='word_1_122' title='bbox 460 2452 608 2528; x_wconf 87' lang='lat' dir='ltr'>quicquam</span> <span class='ocrx_word' id='word_1_123' title='bbox 632 2473 669 2512; x_wconf 93' lang='lat' dir='ltr'>ne</span> <span class='ocrx_word' id='word_1_124' title='bbox 695 2455 803 2513; x_wconf 83' lang='lat' dir='ltr'>natales</span> <span class='ocrx_word' id='word_1_125' title='bbox 831 2455 982 2532; x_wconf 80' lang='lat' dir='ltr'>quidenna</span> <span class='ocrx_word' id='word_1_126' title='bbox 1008 2453 1067 2511; x_wconf 86' lang='lat' dir='ltr'>suis</span> <span class='ocrx_word' id='word_1_127' title='bbox 1092 2450 1243 2510; x_wconf 81' lang='lat' dir='ltr'>lectoribus</span> <span class='ocrx_word' id='word_1_128' title='bbox 1269 2453 1393 2530; x_wconf 80' lang='lat' dir='ltr'>ignorari</span> <span class='ocrx_word' id='word_1_129' title='bbox 1419 2451 1478 2512; x_wconf 81' lang='lat' dir='ltr'>vult</span> 
     </span>
     <span class='ocr_line' id='line_1_17' title="bbox 334 2550 1476 2634; baseline 0.004 -26"><span class='ocrx_word' id='word_1_130' title='bbox 334 2551 425 2609; x_wconf 86' lang='lat' dir='ltr'>bonus</span> <span class='ocrx_word' id='word_1_131' title='bbox 445 2551 590 2612; x_wconf 85' lang='lat' dir='ltr'>Horatius.</span> <span class='ocrx_word' id='word_1_132' title='bbox 629 2550 673 2613; x_wconf 79' lang='lat' dir='ltr'>lta</span> <span class='ocrx_word' id='word_1_133' title='bbox 691 2554 746 2613; x_wconf 80' lang='lat' dir='ltr'>lert</span> <span class='ocrx_word' id='word_1_134' title='bbox 767 2568 851 2632; x_wconf 83' lang='lat' dir='ltr'>quum</span> <span class='ocrx_word' id='word_1_135' title='bbox 872 2560 933 2634; x_wconf 82' lang='lat' dir='ltr'>ejus</span> <span class='ocrx_word' id='word_1_136' title='bbox 955 2561 1032 2629; x_wconf 81' lang='lat' dir='ltr'>tuos,</span> <span class='ocrx_word' id='word_1_137' title='bbox 1053 2561 1113 2612; x_wconf 85' lang='lat' dir='ltr'>tntn</span> <span class='ocrx_word' id='word_1_138' title='bbox 1128 2553 1276 2630; x_wconf 78' lang='lat' dir='ltr'>Epistolae</span> <span class='ocrx_word' id='word_1_139' title='bbox 1296 2553 1377 2612; x_wconf 81' lang='lat' dir='ltr'>ratio.</span> <span class='ocrx_word' id='word_1_140' title='bbox 1412 2555 1476 2613; x_wconf 90' lang='lat' dir='ltr'>Jam</span> 
     </span>
    </p>
   </div>
   <div class='ocr_carea' id='block_1_5' title="bbox 239 2651 1475 2735">
    <p class='ocr_par' dir='ltr' id='par_1_5' title="bbox 239 2651 1475 2735">
     <span class='ocr_line' id='line_1_18' title="bbox 239 2651 1475 2735; baseline 0.006 -27"><span class='ocrx_word' id='word_1_141' title='bbox 239 2726 241 2734; x_wconf 25' lang='grc' dir='ltr'>Ι</span> <span class='ocrx_word' id='word_1_142' title='bbox 334 2652 358 2708; x_wconf 91' lang='lat' dir='ltr'>si</span> <span class='ocrx_word' id='word_1_143' title='bbox 380 2652 430 2710; x_wconf 88' lang='lat' dir='ltr'>tibi</span> <span class='ocrx_word' id='word_1_144' title='bbox 449 2651 517 2711; x_wconf 88' lang='lat' dir='ltr'>talla</span> <span class='ocrx_word' id='word_1_145' title='bbox 538 2653 631 2712; x_wconf 79' lang='lat' dir='ltr'>atillno</span> <span class='ocrx_word' id='word_1_146' title='bbox 658 2663 808 2734; x_wconf 65' lang='lat' dir='ltr'>{inrumpet</span> <span class='ocrx_word' id='word_1_147' title='bbox 832 2662 862 2716; x_wconf 90' lang='lat' dir='ltr'>et</span> <span class='ocrx_word' id='word_1_148' title='bbox 883 2653 1055 2733; x_wconf 78' lang='lat' dir='ltr'>cogitatione</span> <span class='ocrx_word' id='word_1_149' title='bbox 1076 2651 1183 2730; x_wconf 70' lang='lat' dir='ltr'>finges,</span> <span class='ocrx_word' id='word_1_150' title='bbox 1210 2655 1307 2733; x_wconf 81' lang='lat' dir='ltr'>ecquis</span> <span class='ocrx_word' id='word_1_151' title='bbox 1328 2653 1399 2734; x_wconf 80' lang='lat' dir='ltr'>etit,</span> <span class='ocrx_word' id='word_1_152' title='bbox 1426 2657 1475 2735; x_wconf 77' lang='lat' dir='ltr'>qul</span> 
     </span>
    </p>
   </div>
   <div class='ocr_carea' id='block_1_6' title="bbox 331 2745 1477 3245">
    <p class='ocr_par' dir='ltr' id='par_1_6' title="bbox 331 2745 1477 3245">
     <span class='ocr_line' id='line_1_19' title="bbox 333 2745 1477 2837; baseline 0.005 -25"><span class='ocrx_word' id='word_1_153' title='bbox 333 2761 366 2812; x_wconf 92' lang='lat' dir='ltr'>ut</span> <span class='ocrx_word' id='word_1_154' title='bbox 386 2753 537 2814; x_wconf 74' lang='lat' dir='ltr'>Frontino</span> <span class='ocrx_word' id='word_1_155' title='bbox 558 2756 600 2834; x_wconf 94' lang='lat' dir='ltr'>(p.</span> <span class='ocrx_word' id='word_1_156' title='bbox 620 2752 675 2836; x_wconf 86' lang='grc'>74)</span> <span class='ocrx_word' id='word_1_157' title='bbox 696 2751 786 2834; x_wconf 89' lang='lat' dir='ltr'>dicat,</span> <span class='ocrx_word' id='word_1_158' title='bbox 812 2757 953 2837; x_wconf 82' lang='lat' dir='ltr'>„Poetnm</span> <span class='ocrx_word' id='word_1_159' title='bbox 973 2745 1040 2816; x_wconf 84' lang='lat' dir='ltr'>nibil</span> <span class='ocrx_word' id='word_1_160' title='bbox 1060 2748 1137 2814; x_wconf 87' lang='lat' dir='ltr'>alind</span> <span class='ocrx_word' id='word_1_161' title='bbox 1159 2755 1215 2814; x_wconf 84' lang='lat' dir='ltr'>sibi</span> <span class='ocrx_word' id='word_1_162' title='bbox 1233 2756 1373 2835; x_wconf 84' lang='lat' dir='ltr'>voluisse,</span> <span class='ocrx_word' id='word_1_163' title='bbox 1394 2777 1477 2837; x_wconf 86' lang='lat' dir='ltr'>quem</span> 
     </span>
     <span class='ocr_line' id='line_1_20' title="bbox 333 2833 1477 2936; baseline 0.003 -20"><span class='ocrx_word' id='word_1_164' title='bbox 333 2864 365 2916; x_wconf 88' lang='lat' dir='ltr'>ut</span> <span class='ocrx_word' id='word_1_165' title='bbox 386 2857 541 2934; x_wconf 88' lang='lat' dir='ltr'>indicaret,</span> <span class='ocrx_word' id='word_1_166' title='bbox 569 2876 626 2935; x_wconf 91' lang='lat' dir='ltr'>qno</span> <span class='ocrx_word' id='word_1_167' title='bbox 654 2861 756 2918; x_wconf 82' lang='lat' dir='ltr'>aetatis</span> <span class='ocrx_word' id='word_1_168' title='bbox 782 2879 856 2918; x_wconf 89' lang='lat' dir='ltr'>anno</span> <span class='ocrx_word' id='word_1_169' title='bbox 884 2858 984 2920; x_wconf 89' lang='lat' dir='ltr'>librum</span> <span class='ocrx_word' id='word_1_170' title='bbox 1008 2833 1144 2918; x_wconf 68' lang='lat' dir='ltr'>edidisset</span> <span class='ocrx_word' id='word_1_171' title='bbox 1154 2858 1218 2936; x_wconf 80' lang='grc'><strong>*).“</strong></span> <span class='ocrx_word' id='word_1_172' title='bbox 1262 2861 1353 2930; x_wconf 82' lang='lat' dir='ltr'>Quam</span> <span class='ocrx_word' id='word_1_173' title='bbox 1374 2861 1412 2920; x_wconf 86' lang='lat' dir='ltr'>sit</span> <span class='ocrx_word' id='word_1_174' title='bbox 1430 2861 1477 2920; x_wconf 83' lang='lat' dir='ltr'>ills</span> 
     </span>
     <span class='ocr_line' id='line_1_21' title="bbox 333 2959 1476 3042; baseline 0.005 -26"><span class='ocrx_word' id='word_1_175' title='bbox 333 2960 502 3037; x_wconf 76' lang='lat' dir='ltr'>significatio</span> <span class='ocrx_word' id='word_1_176' title='bbox 530 2960 568 3018; x_wconf 83' lang='lat' dir='ltr'>ab</span> <span class='ocrx_word' id='word_1_177' title='bbox 588 2960 643 3019; x_wconf 88' lang='lat' dir='ltr'>boc</span> <span class='ocrx_word' id='word_1_178' title='bbox 662 2960 855 3038; x_wconf 69' lang='lat' dir='ltr'>loconliena,</span> <span class='ocrx_word' id='word_1_179' title='bbox 883 2962 952 3020; x_wconf 73' lang='lat' dir='ltr'>sads</span> <span class='ocrx_word' id='word_1_180' title='bbox 974 2967 1019 3019; x_wconf 89' lang='lat' dir='ltr'>est</span> <span class='ocrx_word' id='word_1_181' title='bbox 1039 2959 1189 3038; x_wconf 75' lang='lat' dir='ltr'>diligenter</span> <span class='ocrx_word' id='word_1_182' title='bbox 1210 2963 1402 3022; x_wconf 84' lang='lat' dir='ltr'>attendentem</span> <span class='ocrx_word' id='word_1_183' title='bbox 1422 2983 1476 3042; x_wconf 87' lang='lat' dir='ltr'>pe·</span> 
     </span>
     <span class='ocr_line' id='line_1_22' title="bbox 332 3061 1476 3136; baseline 0.002 -16"><span class='ocrx_word' id='word_1_184' title='bbox 332 3063 410 3120; x_wconf 73' lang='lat' dir='ltr'>ninus</span> <span class='ocrx_word' id='word_1_185' title='bbox 430 3063 535 3120; x_wconf 83' lang='lat' dir='ltr'>videre.</span> <span class='ocrx_word' id='word_1_186' title='bbox 578 3061 622 3120; x_wconf 81' lang='lat' dir='ltr'>En</span> <span class='ocrx_word' id='word_1_187' title='bbox 641 3062 915 3122; x_wconf 76' lang='lat' dir='ltr'>consnlnneillorum</span> <span class='ocrx_word' id='word_1_188' title='bbox 931 3063 1196 3122; x_wconf 76' lang='lat' dir='ltr'>commemoratione</span> <span class='ocrx_word' id='word_1_189' title='bbox 1216 3061 1286 3122; x_wconf 81' lang='lat' dir='ltr'>nillil</span> <span class='ocrx_word' id='word_1_190' title='bbox 1306 3063 1400 3136; x_wconf 80' lang='lat' dir='ltr'>allud,</span> <span class='ocrx_word' id='word_1_191' title='bbox 1421 3065 1476 3122; x_wconf 83' lang='lat' dir='ltr'>nisi</span> 
     </span>
     <span class='ocr_line' id='line_1_23' title="bbox 331 3147 1475 3245; baseline 0.008 -25"><span class='ocrx_word' id='word_1_192' title='bbox 331 3161 388 3222; x_wconf 84' lang='lat' dir='ltr'>boc</span> <span class='ocrx_word' id='word_1_193' title='bbox 408 3159 547 3241; x_wconf 79' lang='lat' dir='ltr'>eflicitur,</span> <span class='ocrx_word' id='word_1_194' title='bbox 568 3159 726 3242; x_wconf 72' lang='lat' dir='ltr'>Epistulam</span> <span class='ocrx_word' id='word_1_195' title='bbox 742 3147 775 3224; x_wconf 64' lang='lat' dir='ltr'>tt</span> <span class='ocrx_word' id='word_1_196' title='bbox 795 3173 931 3224; x_wconf 83' lang='lat' dir='ltr'>unacum</span> <span class='ocrx_word' id='word_1_197' title='bbox 952 3173 987 3225; x_wconf 73' lang='lat' dir='ltr'>ea</span> <span class='ocrx_word' id='word_1_198' title='bbox 1003 3163 1192 3242; x_wconf 83' lang='lat' dir='ltr'>Epistolnrum</span> <span class='ocrx_word' id='word_1_199' title='bbox 1209 3161 1339 3226; x_wconf 69' lang='lat' dir='ltr'>volumen</span> <span class='ocrx_word' id='word_1_200' title='bbox 1358 3171 1425 3245; x_wconf 72' lang='lat' dir='ltr'>past</span> <span class='ocrx_word' id='word_1_201' title='bbox 1446 3167 1475 3229; x_wconf 90' lang='lat' dir='ltr'>d.</span> 
     </span>
    </p>
   </div>
   <div class='ocr_carea' id='block_1_7' title="bbox 333 3253 1476 3344">
    <p class='ocr_par' dir='ltr' id='par_1_7' title="bbox 333 3253 1476 3344">
     <span class='ocr_line' id='line_1_24' title="bbox 333 3253 1476 3344; baseline 0.002 -19"><span class='ocrx_word' id='word_1_202' title='bbox 333 3259 410 3326; x_wconf 85' lang='lat' dir='ltr'>Vlll.</span> <span class='ocrx_word' id='word_1_203' title='bbox 431 3286 470 3326; x_wconf 92' lang='lat' dir='ltr'>m.</span> <span class='ocrx_word' id='word_1_204' title='bbox 491 3263 659 3327; x_wconf 85' lang='lat' dir='ltr'>Decembris</span> <span class='ocrx_word' id='word_1_205' title='bbox 679 3287 706 3326; x_wconf 84' lang='lat' dir='ltr'>e.</span> <span class='ocrx_word' id='word_1_206' title='bbox 728 3287 754 3330; x_wconf 87' lang='lat' dir='ltr'>u.</span> <span class='ocrx_word' id='word_1_207' title='bbox 776 3255 848 3330; x_wconf 76' lang='lat'>788.</span> <span class='ocrx_word' id='word_1_208' title='bbox 871 3262 1000 3325; x_wconf 82' lang='lat' dir='ltr'>emissam</span> <span class='ocrx_word' id='word_1_209' title='bbox 1015 3286 1078 3326; x_wconf 81' lang='lat' dir='ltr'>esse</span> <span class='ocrx_word' id='word_1_210' title='bbox 1090 3260 1145 3344; x_wconf 71' lang='lat'>¹¹⁴¹).</span> <span class='ocrx_word' id='word_1_211' title='bbox 1179 3253 1257 3327; x_wconf 85' lang='lat' dir='ltr'>Nolo</span> <span class='ocrx_word' id='word_1_212' title='bbox 1275 3265 1334 3343; x_wconf 87' lang='lat' dir='ltr'>jam</span> <span class='ocrx_word' id='word_1_213' title='bbox 1356 3271 1405 3326; x_wconf 80' lang='lat' dir='ltr'>eos</span> <span class='ocrx_word' id='word_1_214' title='bbox 1425 3286 1476 3328; x_wconf 94' lang='lat' dir='ltr'>co-</span> 
     </span>
    </p>
   </div>
   <div class='ocr_carea' id='block_1_8' title="bbox 333 3523 1476 4626">
    <p class='ocr_par' dir='ltr' id='par_1_8' title="bbox 333 3523 1476 4370">
     <span class='ocr_line' id='line_1_25' title="bbox 417 3523 1475 3606; baseline 0.005 -23"><span class='ocrx_word' id='word_1_215' title='bbox 417 3530 447 3598; x_wconf 84' lang='lat'>*)</span> <span class='ocrx_word' id='word_1_216' title='bbox 462 3533 594 3599; x_wconf 62' lang='lat' dir='ltr'>frankin,</span> <span class='ocrx_word' id='word_1_217' title='bbox 609 3533 654 3602; x_wconf 90' lang='lat' dir='ltr'>qui</span> <span class='ocrx_word' id='word_1_218' title='bbox 667 3530 699 3586; x_wconf 80' lang='lat' dir='ltr'>ed</span> <span class='ocrx_word' id='word_1_219' title='bbox 713 3531 791 3586; x_wconf 84' lang='lat' dir='ltr'>istam</span> <span class='ocrx_word' id='word_1_220' title='bbox 806 3525 975 3600; x_wconf 87' lang='lat' dir='ltr'>sententiam,</span> <span class='ocrx_word' id='word_1_221' title='bbox 995 3549 1070 3602; x_wconf 87' lang='lat' dir='ltr'>qnnrn</span> <span class='ocrx_word' id='word_1_222' title='bbox 1085 3533 1200 3588; x_wconf 82' lang='lat' dir='ltr'>obtineri</span> <span class='ocrx_word' id='word_1_223' title='bbox 1215 3534 1288 3602; x_wconf 84' lang='lat' dir='ltr'>rnlt,</span> <span class='ocrx_word' id='word_1_224' title='bbox 1311 3523 1475 3606; x_wconf 77' lang='lat' dir='ltr'>Porpbyrio-</span> 
     </span>
     <span class='ocr_line' id='line_1_26' title="bbox 334 3615 1476 3687; baseline 0.004 -19"><span class='ocrx_word' id='word_1_225' title='bbox 334 3615 374 3668; x_wconf 85' lang='lat' dir='ltr'>nis</span> <span class='ocrx_word' id='word_1_226' title='bbox 385 3617 544 3670; x_wconf 79' lang='lat' dir='ltr'>anctoritate</span> <span class='ocrx_word' id='word_1_227' title='bbox 555 3617 654 3687; x_wconf 84' lang='lat' dir='ltr'>utitur,</span> <span class='ocrx_word' id='word_1_228' title='bbox 664 3617 842 3672; x_wconf 83' lang='lat' dir='ltr'>assentiuntur</span> <span class='ocrx_word' id='word_1_229' title='bbox 851 3617 986 3672; x_wconf 81' lang='lat' dir='ltr'>Brriclsner</span> <span class='ocrx_word' id='word_1_230' title='bbox 995 3617 1022 3671; x_wconf 92' lang='lat' dir='ltr'>in</span> <span class='ocrx_word' id='word_1_231' title='bbox 1034 3617 1199 3685; x_wconf 76' lang='lat' dir='ltr'>„Zimmerrn</span> <span class='ocrx_word' id='word_1_232' title='bbox 1210 3619 1342 3676; x_wconf 78' lang='lat' dir='ltr'>zeitschr.</span> <span class='ocrx_word' id='word_1_233' title='bbox 1353 3621 1371 3672; x_wconf 82' lang='grc'>1.</span> <span class='ocrx_word' id='word_1_234' title='bbox 1384 3619 1409 3676; x_wconf 89' lang='lat' dir='ltr'>d.</span> <span class='ocrx_word' id='word_1_235' title='bbox 1421 3620 1476 3674; x_wconf 80' lang='lat' dir='ltr'>A.“</span> 
     </span>
     <span class='ocr_line' id='line_1_27' title="bbox 335 3695 1475 3772; baseline 0.003 -15"><span class='ocrx_word' id='word_1_236' title='bbox 335 3697 412 3757; x_wconf 76' lang='lat'>1840.</span> <span class='ocrx_word' id='word_1_237' title='bbox 427 3719 455 3772; x_wconf 88' lang='lat' dir='ltr'>p.</span> <span class='ocrx_word' id='word_1_238' title='bbox 465 3695 559 3770; x_wconf 64' lang='lat'>1014„</span> <span class='ocrx_word' id='word_1_239' title='bbox 580 3704 610 3756; x_wconf 81' lang='lat' dir='ltr'>G.</span> <span class='ocrx_word' id='word_1_240' title='bbox 626 3703 762 3757; x_wconf 76' lang='lat' dir='ltr'>Pannonius</span> <span class='ocrx_word' id='word_1_241' title='bbox 774 3703 801 3756; x_wconf 92' lang='lat' dir='ltr'>in</span> <span class='ocrx_word' id='word_1_242' title='bbox 820 3703 938 3771; x_wconf 78' lang='lat' dir='ltr'>„Berlin</span> <span class='ocrx_word' id='word_1_243' title='bbox 954 3705 1017 3758; x_wconf 87' lang='lat' dir='ltr'>Jbb.</span> <span class='ocrx_word' id='word_1_244' title='bbox 1031 3704 1052 3758; x_wconf 83' lang='lat' dir='ltr'>f.</span> <span class='ocrx_word' id='word_1_245' title='bbox 1069 3703 1141 3758; x_wconf 81' lang='lat' dir='ltr'>wisc.</span> <span class='ocrx_word' id='word_1_246' title='bbox 1156 3704 1266 3758; x_wconf 84' lang='lat' dir='ltr'>Kritik“</span> <span class='ocrx_word' id='word_1_247' title='bbox 1288 3701 1363 3762; x_wconf 87' lang='grc'><strong>1840.</strong></span> <span class='ocrx_word' id='word_1_248' title='bbox 1378 3705 1415 3761; x_wconf 88' lang='grc' dir='ltr'>Ν.</span> <span class='ocrx_word' id='word_1_249' title='bbox 1429 3706 1475 3760; x_wconf 83' lang='grc'><strong>89.</strong></span> 
     </span>
     <span class='ocr_line' id='line_1_28' title="bbox 334 3785 1475 3860; baseline 0.002 -19"><span class='ocrx_word' id='word_1_250' title='bbox 334 3805 362 3856; x_wconf 85' lang='lat' dir='ltr'>p·</span> <span class='ocrx_word' id='word_1_251' title='bbox 381 3788 459 3856; x_wconf 76' lang='lat'>710..</span> <span class='ocrx_word' id='word_1_252' title='bbox 480 3785 534 3841; x_wconf 83' lang='lat' dir='ltr'>alii.</span> <span class='ocrx_word' id='word_1_253' title='bbox 568 3787 719 3841; x_wconf 83' lang='lat' dir='ltr'>Editionem</span> <span class='ocrx_word' id='word_1_254' title='bbox 738 3788 915 3858; x_wconf 79' lang='lat' dir='ltr'>Epistularum</span> <span class='ocrx_word' id='word_1_255' title='bbox 930 3789 1002 3843; x_wconf 85' lang='lat' dir='ltr'>intra</span> <span class='ocrx_word' id='word_1_256' title='bbox 1022 3807 1055 3843; x_wconf 88' lang='lat' dir='ltr'>m.</span> <span class='ocrx_word' id='word_1_257' title='bbox 1068 3791 1216 3860; x_wconf 74' lang='lat' dir='ltr'>septembr.</span> <span class='ocrx_word' id='word_1_258' title='bbox 1238 3797 1266 3842; x_wconf 85' lang='lat' dir='ltr'>et</span> <span class='ocrx_word' id='word_1_259' title='bbox 1283 3790 1357 3844; x_wconf 84' lang='lat' dir='ltr'>vm.</span> <span class='ocrx_word' id='word_1_260' title='bbox 1371 3804 1404 3842; x_wconf 82' lang='lat' dir='ltr'>m.</span> <span class='ocrx_word' id='word_1_261' title='bbox 1417 3789 1475 3843; x_wconf 81' lang='lat' dir='ltr'>lla·</span> 
     </span>
     <span class='ocr_line' id='line_1_29' title="bbox 334 3868 1475 3947; baseline 0.003 -23"><span class='ocrx_word' id='word_1_262' title='bbox 334 3873 432 3928; x_wconf 84' lang='lat' dir='ltr'>cambr.</span> <span class='ocrx_word' id='word_1_263' title='bbox 451 3889 474 3925; x_wconf 84' lang='lat' dir='ltr'>s.</span> <span class='ocrx_word' id='word_1_264' title='bbox 492 3889 518 3926; x_wconf 91' lang='lat' dir='ltr'>n.</span> <span class='ocrx_word' id='word_1_265' title='bbox 533 3868 593 3926; x_wconf 95' lang='grc'><strong>734.</strong></span> <span class='ocrx_word' id='word_1_266' title='bbox 607 3874 704 3926; x_wconf 81' lang='lat' dir='ltr'>factcn</span> <span class='ocrx_word' id='word_1_267' title='bbox 723 3875 864 3944; x_wconf 84' lang='lat' dir='ltr'>opinentur</span> <span class='ocrx_word' id='word_1_268' title='bbox 878 3875 1062 3929; x_wconf 66' lang='lat' dir='ltr'>haimonem</span> <span class='ocrx_word' id='word_1_269' title='bbox 1077 3875 1095 3928; x_wconf 89' lang='lat'>1.</span> <span class='ocrx_word' id='word_1_270' title='bbox 1111 3875 1143 3929; x_wconf 88' lang='lat' dir='ltr'>ad</span> <span class='ocrx_word' id='word_1_271' title='bbox 1158 3875 1247 3947; x_wconf 82' lang='lat' dir='ltr'>Epist.</span> <span class='ocrx_word' id='word_1_272' title='bbox 1264 3874 1305 3929; x_wconf 89' lang='grc'>13.</span> <span class='ocrx_word' id='word_1_273' title='bbox 1326 3891 1353 3944; x_wconf 90' lang='lat' dir='ltr'>p.</span> <span class='ocrx_word' id='word_1_274' title='bbox 1367 3875 1428 3932; x_wconf 87' lang='grc'><strong>167.</strong></span> <span class='ocrx_word' id='word_1_275' title='bbox 1442 3875 1475 3945; x_wconf 85' lang='grc'><strong>1.,</strong></span> 
     </span>
     <span class='ocr_line' id='line_1_30' title="bbox 334 3954 1474 4030; baseline 0.005 -20"><span class='ocrx_word' id='word_1_276' title='bbox 334 3959 459 4012; x_wconf 63' lang='lat' dir='ltr'>sunder</span> <span class='ocrx_word' id='word_1_277' title='bbox 473 3957 1192 4029; x_wconf 75' lang='lat' dir='ltr'>(„Uiberdicchronologied.Horcr.Dicl1tungen.“</span> <span class='ocrx_word' id='word_1_278' title='bbox 1205 3962 1268 4014; x_wconf 82' lang='lat' dir='ltr'>Bne.</span> <span class='ocrx_word' id='word_1_279' title='bbox 1283 3954 1358 4012; x_wconf 84' lang='grc'><strong>1843.</strong></span> <span class='ocrx_word' id='word_1_280' title='bbox 1371 3977 1400 4030; x_wconf 92' lang='lat' dir='ltr'>p.</span> <span class='ocrx_word' id='word_1_281' title='bbox 1413 3961 1474 4016; x_wconf 85' lang='lat'>179.</span> 
     </span>
     <span class='ocr_line' id='line_1_31' title="bbox 334 4041 1473 4119; baseline 0.002 -23"><span class='ocrx_word' id='word_1_282' title='bbox 334 4049 363 4096; x_wconf 85' lang='lat' dir='ltr'>et</span> <span class='ocrx_word' id='word_1_283' title='bbox 382 4041 475 4096; x_wconf 75' lang='lat' dir='ltr'>Weber</span> <span class='ocrx_word' id='word_1_284' title='bbox 489 4042 507 4096; x_wconf 95' lang='lat' dir='ltr'>l.</span> <span class='ocrx_word' id='word_1_285' title='bbox 523 4042 540 4095; x_wconf 89' lang='grc'>1.</span> <span class='ocrx_word' id='word_1_286' title='bbox 558 4061 586 4114; x_wconf 91' lang='lat' dir='ltr'>p.</span> <span class='ocrx_word' id='word_1_287' title='bbox 603 4045 677 4107; x_wconf 79' lang='lat'>228.;</span> <span class='ocrx_word' id='word_1_288' title='bbox 699 4045 733 4096; x_wconf 85' lang='lat' dir='ltr'>(le</span> <span class='ocrx_word' id='word_1_289' title='bbox 746 4045 879 4097; x_wconf 79' lang='lat' dir='ltr'>sententis</span> <span class='ocrx_word' id='word_1_290' title='bbox 898 4043 1018 4098; x_wconf 77' lang='lat' dir='ltr'>Mcrlrcb&#39;i</span> <span class='ocrx_word' id='word_1_291' title='bbox 1035 4045 1157 4114; x_wconf 76' lang='lat' dir='ltr'>[Quaest.</span> <span class='ocrx_word' id='word_1_292' title='bbox 1181 4045 1261 4100; x_wconf 83' lang='lat' dir='ltr'>Orid.</span> <span class='ocrx_word' id='word_1_293' title='bbox 1277 4045 1350 4098; x_wconf 88' lang='lat' dir='ltr'>critt.</span> <span class='ocrx_word' id='word_1_294' title='bbox 1369 4062 1397 4115; x_wconf 88' lang='lat' dir='ltr'>p.</span> <span class='ocrx_word' id='word_1_295' title='bbox 1416 4041 1473 4119; x_wconf 84' lang='grc'><strong>26.]</strong></span> 
     </span>
     <span class='ocr_line' id='line_1_32' title="bbox 333 4125 1473 4197; baseline 0.004 -18"><span class='ocrx_word' id='word_1_296' title='bbox 333 4127 400 4180; x_wconf 80' lang='lat' dir='ltr'>brac</span> <span class='ocrx_word' id='word_1_297' title='bbox 414 4127 538 4197; x_wconf 77' lang='lat' dir='ltr'>Epistola</span> <span class='ocrx_word' id='word_1_298' title='bbox 561 4136 607 4182; x_wconf 86' lang='lat' dir='ltr'>ant</span> <span class='ocrx_word' id='word_1_299' title='bbox 625 4138 742 4183; x_wconf 81' lang='lat' dir='ltr'>extremo</span> <span class='ocrx_word' id='word_1_300' title='bbox 762 4145 850 4182; x_wconf 84' lang='lat' dir='ltr'>mense</span> <span class='ocrx_word' id='word_1_301' title='bbox 873 4129 1013 4183; x_wconf 80' lang='lat' dir='ltr'>lleccmbri</span> <span class='ocrx_word' id='word_1_302' title='bbox 1030 4131 1091 4184; x_wconf 79' lang='lat' dir='ltr'>enni</span> <span class='ocrx_word' id='word_1_303' title='bbox 1105 4131 1167 4185; x_wconf 85' lang='grc'><strong>733.</strong></span> <span class='ocrx_word' id='word_1_304' title='bbox 1188 4141 1235 4185; x_wconf 85' lang='lat' dir='ltr'>ant</span> <span class='ocrx_word' id='word_1_305' title='bbox 1255 4131 1347 4183; x_wconf 82' lang='lat' dir='ltr'>eodem</span> <span class='ocrx_word' id='word_1_306' title='bbox 1369 4147 1392 4184; x_wconf 82' lang='lat' dir='ltr'>e.</span> <span class='ocrx_word' id='word_1_307' title='bbox 1409 4125 1473 4183; x_wconf 86' lang='grc'><strong>734.</strong></span> 
     </span>
     <span class='ocr_line' id='line_1_33' title="bbox 334 4211 1472 4286; baseline 0.002 -20"><span class='ocrx_word' id='word_1_308' title='bbox 334 4211 501 4283; x_wconf 71' lang='lat' dir='ltr'>scriptasit.</span> <span class='ocrx_word' id='word_1_309' title='bbox 544 4213 584 4266; x_wconf 86' lang='lat' dir='ltr'>De</span> <span class='ocrx_word' id='word_1_310' title='bbox 598 4213 643 4267; x_wconf 94' lang='lat' dir='ltr'>illo</span> <span class='ocrx_word' id='word_1_311' title='bbox 659 4215 763 4286; x_wconf 87' lang='lat' dir='ltr'>quidem</span> <span class='ocrx_word' id='word_1_312' title='bbox 778 4231 845 4268; x_wconf 83' lang='lat' dir='ltr'>nnnc</span> <span class='ocrx_word' id='word_1_313' title='bbox 857 4231 890 4267; x_wconf 85' lang='lat' dir='ltr'>nc</span> <span class='ocrx_word' id='word_1_314' title='bbox 904 4213 962 4285; x_wconf 86' lang='lat' dir='ltr'>quis</span> <span class='ocrx_word' id='word_1_315' title='bbox 978 4215 1092 4286; x_wconf 74' lang='lat' dir='ltr'>cogitet,</span> <span class='ocrx_word' id='word_1_316' title='bbox 1106 4233 1154 4270; x_wconf 82' lang='lat' dir='ltr'>sno</span> <span class='ocrx_word' id='word_1_317' title='bbox 1166 4217 1226 4286; x_wconf 79' lang='lat' dir='ltr'>jure</span> <span class='ocrx_word' id='word_1_318' title='bbox 1241 4223 1321 4269; x_wconf 77' lang='lat' dir='ltr'>curet</span> <span class='ocrx_word' id='word_1_319' title='bbox 1335 4215 1429 4286; x_wconf 72' lang='lat' dir='ltr'>lanugo</span> <span class='ocrx_word' id='word_1_320' title='bbox 1442 4213 1472 4268; x_wconf 88' lang='lat' dir='ltr'>in</span> 
     </span>
     <span class='ocr_line' id='line_1_34' title="bbox 334 4296 986 4370; baseline 0.005 -19"><span class='ocrx_word' id='word_1_321' title='bbox 334 4296 476 4366; x_wconf 85' lang='lat' dir='ltr'>„Berlinar</span> <span class='ocrx_word' id='word_1_322' title='bbox 488 4298 551 4352; x_wconf 88' lang='lat' dir='ltr'>Jbb.</span> <span class='ocrx_word' id='word_1_323' title='bbox 565 4301 584 4358; x_wconf 82' lang='lat' dir='ltr'>f,</span> <span class='ocrx_word' id='word_1_324' title='bbox 599 4299 671 4354; x_wconf 87' lang='lat' dir='ltr'>wiss.</span> <span class='ocrx_word' id='word_1_325' title='bbox 687 4299 779 4353; x_wconf 87' lang='lat' dir='ltr'>Krit.“</span> <span class='ocrx_word' id='word_1_326' title='bbox 794 4297 870 4354; x_wconf 81' lang='grc'><strong>1835.</strong></span> <span class='ocrx_word' id='word_1_327' title='bbox 883 4317 910 4370; x_wconf 90' lang='lat' dir='ltr'>p.</span> <span class='ocrx_word' id='word_1_328' title='bbox 925 4299 986 4354; x_wconf 82' lang='lat'>863.</span> 
     </span>
    </p>

    <p class='ocr_par' dir='ltr' id='par_1_9' title="bbox 334 4379 1472 4626">
     <span class='ocr_line' id='line_1_35' title="bbox 405 4379 1472 4455; baseline 0.003 -19"><span class='ocrx_word' id='word_1_329' title='bbox 405 4379 447 4450; x_wconf 74' lang='lat'>**)</span> <span class='ocrx_word' id='word_1_330' title='bbox 461 4384 526 4437; x_wconf 76' lang='lat' dir='ltr'>Rem</span> <span class='ocrx_word' id='word_1_331' title='bbox 539 4383 617 4452; x_wconf 80' lang='lat' dir='ltr'>attigi</span> <span class='ocrx_word' id='word_1_332' title='bbox 633 4385 660 4437; x_wconf 90' lang='lat' dir='ltr'>in</span> <span class='ocrx_word' id='word_1_333' title='bbox 674 4385 762 4438; x_wconf 77' lang='lat' dir='ltr'>lebnii</span> <span class='ocrx_word' id='word_1_334' title='bbox 777 4385 904 4453; x_wconf 83' lang='lat' dir='ltr'>,‚N.lbb.“</span> <span class='ocrx_word' id='word_1_335' title='bbox 919 4393 972 4438; x_wconf 85' lang='lat' dir='ltr'>etc.</span> <span class='ocrx_word' id='word_1_336' title='bbox 990 4383 1065 4439; x_wconf 84' lang='grc'><strong>1885.</strong></span> <span class='ocrx_word' id='word_1_337' title='bbox 1082 4384 1143 4454; x_wconf 84' lang='lat' dir='ltr'>XV,</span> <span class='ocrx_word' id='word_1_338' title='bbox 1158 4385 1182 4442; x_wconf 87' lang='lat'>1.</span> <span class='ocrx_word' id='word_1_339' title='bbox 1201 4402 1230 4455; x_wconf 83' lang='lat' dir='ltr'>p·</span> <span class='ocrx_word' id='word_1_340' title='bbox 1244 4385 1298 4450; x_wconf 82' lang='lat'>69..</span> <span class='ocrx_word' id='word_1_341' title='bbox 1316 4391 1472 4454; x_wconf 73' lang='lat' dir='ltr'>persecutus</span> 
     </span>
     <span class='ocr_line' id='line_1_36' title="bbox 335 4465 1471 4540; baseline 0.005 -23"><span class='ocrx_word' id='word_1_342' title='bbox 335 4481 389 4519; x_wconf 86' lang='lat' dir='ltr'>snm</span> <span class='ocrx_word' id='word_1_343' title='bbox 402 4467 467 4520; x_wconf 87' lang='lat' dir='ltr'>ibid.</span> <span class='ocrx_word' id='word_1_344' title='bbox 479 4465 555 4523; x_wconf 83' lang='grc'><strong>1843.</strong></span> <span class='ocrx_word' id='word_1_345' title='bbox 571 4469 709 4538; x_wconf 87' lang='lat' dir='ltr'>XXXVII,</span> <span class='ocrx_word' id='word_1_346' title='bbox 724 4465 750 4524; x_wconf 88' lang='grc'><strong>4.</strong></span> <span class='ocrx_word' id='word_1_347' title='bbox 764 4487 790 4540; x_wconf 87' lang='lat' dir='ltr'>p.</span> <span class='ocrx_word' id='word_1_348' title='bbox 807 4469 881 4535; x_wconf 56' lang='lat'>3664</span> <span class='ocrx_word' id='word_1_349' title='bbox 896 4470 1017 4524; x_wconf 79' lang='lat' dir='ltr'>versibus</span> <span class='ocrx_word' id='word_1_350' title='bbox 1032 4477 1118 4523; x_wconf 75' lang='lat' dir='ltr'>entem</span> <span class='ocrx_word' id='word_1_351' title='bbox 1131 4471 1174 4527; x_wconf 82' lang='lat'>27.</span> <span class='ocrx_word' id='word_1_352' title='bbox 1184 4471 1228 4526; x_wconf 84' lang='lat'>28.</span> <span class='ocrx_word' id='word_1_353' title='bbox 1242 4487 1292 4523; x_wconf 89' lang='lat' dir='ltr'>non</span> <span class='ocrx_word' id='word_1_354' title='bbox 1303 4477 1356 4522; x_wconf 79' lang='lat' dir='ltr'>tem</span> <span class='ocrx_word' id='word_1_355' title='bbox 1367 4477 1471 4540; x_wconf 80' lang='lat' dir='ltr'>tempus</span> 
     </span>
     <span class='ocr_line' id='line_1_37' title="bbox 334 4550 1472 4626; baseline 0.005 -23"><span class='ocrx_word' id='word_1_356' title='bbox 334 4550 458 4605; x_wconf 87' lang='lat' dir='ltr'>editionis</span> <span class='ocrx_word' id='word_1_357' title='bbox 472 4553 590 4622; x_wconf 81' lang='lat' dir='ltr'>definiri,</span> <span class='ocrx_word' id='word_1_358' title='bbox 607 4571 682 4624; x_wconf 80' lang='lat' dir='ltr'>quern</span> <span class='ocrx_word' id='word_1_359' title='bbox 696 4563 809 4609; x_wconf 74' lang='lat' dir='ltr'>setcoem</span> <span class='ocrx_word' id='word_1_360' title='bbox 825 4555 965 4626; x_wconf 87' lang='lat' dir='ltr'>scriptoris</span> <span class='ocrx_word' id='word_1_361' title='bbox 976 4555 1108 4626; x_wconf 80' lang='lat' dir='ltr'>describi,</span> <span class='ocrx_word' id='word_1_362' title='bbox 1120 4555 1160 4610; x_wconf 80' lang='lat' dir='ltr'>ita</span> <span class='ocrx_word' id='word_1_363' title='bbox 1170 4563 1201 4609; x_wconf 89' lang='lat' dir='ltr'>nt</span> <span class='ocrx_word' id='word_1_364' title='bbox 1212 4553 1312 4624; x_wconf 79' lang='lat' dir='ltr'>nliqnot</span> <span class='ocrx_word' id='word_1_365' title='bbox 1322 4553 1396 4608; x_wconf 70' lang='lat' dir='ltr'>annis</span> <span class='ocrx_word' id='word_1_366' title='bbox 1407 4569 1472 4626; x_wconf 78' lang='lat' dir='ltr'>port</span> 
     </span>
    </p>
   </div>
   <div class='ocr_carea' id='block_1_9' title="bbox 0 0 1718 5332">
    <p class='ocr_par' dir='ltr' id='par_1_10' title="bbox 0 0 1718 5332">
     <span class='ocr_line' id='line_1_38' title="bbox 0 0 1718 5332; baseline 0 0"><span class='ocrx_word' id='word_1_367' title='bbox 0 0 1718 5332; x_wconf 95' lang='lat' dir='ltr'> </span> 
     </span>
    </p>
   </div>
  </div>
 </body>
</html>
