3480 5338
222 553 263 616 69
294 545 506 610 ΟΟΜΜΕΝΤ.
521 547 564 608 ΙΝ
579 547 673 609 11011.
687 546 761 609 LlB.
777 547 800 608 1.
828 549 951 610 EPIST.
966 550 1274 612 nuouuvtcusur.
1304 548 1367 614 417

221 723 296 780 dium
317 723 346 778 in
361 737 407 778 vv.
427 717 481 791 80,
495 718 547 793 66,
564 718 618 794 89,
637 719 690 794 69,
710 719 763 793 76,
784 717 826 782 86
845 737 983 797 quaerere
999 719 1094 779 velint.
1130 719 1263 782 Tiberius
1282 724 1366 798 enirn,

223 829 282 881 tuus
297 821 409 899 juvenis
428 820 521 878 bonae
541 821 622 897 spei,
643 839 785 898 nunqnam
806 820 841 878 ab
857 819 977 880 Horatio
995 823 1107 900 oblique
1125 828 1216 881 tactus
1229 829 1287 895 est3
1308 824 1366 882 vid.

220 943 286 982 ann.
310 924 346 981 ad
368 924 406 998 9,
428 918 457 984 4.
479 919 544 978 6611.
567 919 686 985 Weber.
706 940 737 999 p·
757 921 829 984 623.
850 922 891 980 Ν.
915 925 985 985 226.
1021 923 1124 1002 Neque
1145 944 1196 984 eos
1213 943 1366 1004 moramur,

221 1025 269 1103 qni
292 1023 449 1102 Augustum
476 1023 628 1100 significari
656 1023 826 1100 opinantur,
856 1024 933 1100 qnod
961 1025 981 1082 ii
1008 1043 1098 1102 paene
1127 1023 1230 1084 iaciant
1250 1045 1366 1086 necesse

220 1131 280 1200 est,
309 1127 357 1203 qui
377 1122 501 1183 Lollium
522 1130 632 1201 patrem
653 1124 699 1184 bic
721 1125 827 1184 vident.
873 1125 933 1184 Sed
954 1127 1023 1186 satis
1045 1128 1083 1184 sit
1104 1126 1141 1182 de
1160 1129 1367 1204 argssmento*)

221 1227 403 1306 disputasse,
1243 1277 1246 1284 .

305 1329 456 1409 Temporis
477 1326 588 1385 notatio
609 1329 750 1407 scriptura
770 1329 817 1386 illa
831 1329 943 1406 quidem
961 1349 988 1388 v.
1011 1329 1061 1390 56.
1085 1327 1135 1390 67.
1157 1327 1256 1407 refigit
1275 1327 1368 1388 Nunc

219 1438 277 1490 tam
299 1439 376 1490 certa
397 1436 458 1506 est,
485 1433 516 1486 ut
536 1429 709 1489 recentiores
731 1429 895 1507 chronologi
916 1431 946 1489 in
970 1449 1045 1489 anno
1065 1427 1136 1493 784.
1163 1432 1227 1507 jure
1246 1449 1367 1490 consen-

220 1534 360 1608 uentu).
394 1533 452 1602 Qui
472 1530 587 1590 alteram
610 1533 777 1609 scripturam
798 1531 897 1605 refixit
918 1533 961 1590 Et
981 1551 1062 1590 nunc
1082 1536 1211 1608 tuentur,
1233 1530 1367 1589 611666-

220 1655 311 1692 souus
335 1633 421 1710 (llor.
444 1631 500 1694 vu.
521 1652 551 1709 p.
570 1633 646 1709 825)
668 1639 696 1691 61
722 1633 922 1712 Groteseodua
942 1633 1032 1712 (eug.
1057 1631 1208 1710 Encyclop.
1230 1631 1265 1690 Χ.
1287 1636 1315 1698 2.
1336 1652 1366 1710 p.

222 1731 543 1814 munuscularios.
571 1734 643 1796 788.
665 1741 695 1792 61
722 1737 783 1812 ille,
811 1737 856 1795 vel
877 1735 964 1796 multo
985 1740 1051 1813 post
1078 1751 1143 1792 aun.
1165 1733 1238 1796 733.
1267 1739 1298 1792 ut
1323 1733 1367 1791 lrie

220 1836 354 1912 scriptam
372 1836 532 1913 opinantur.
578 1835 635 1903 Qui
658 1835 698 1899 ll.
718 1836 855 1912 Lollium,
886 1838 973 1894 virum
994 1835 1184 1906 consularem,
1215 1835 1367 1911 significari

220 1937 336 2012 volunt,
365 1941 478 2014 tempus
500 1937 626 2015 scriptae
648 1938 793 2017 Epistulae
813 1939 850 1998 ad
870 1959 974 1998 aunum
995 1937 1079 2013 742,
1100 1937 1140 1995 611
1158 1936 1318 1996 Romanu
1339 1943 1368 1999 et

221 2039 386 2110 Daeers'us,
404 2038 541 2098 referunt.
625 2093 627 2097 .

305 2141 340 2198 V.
358 2142 375 2203 1
393 2173 434 2185 -
449 2143 478 2204 8.
498 2141 591 2210 Quum
613 2139 642 2199 in
663 2141 839 2201 concilianda
860 2141 1014 2221 principum
1035 2140 1159 2198 virorum
1177 2137 1299 2197 amicitia
1318 2140 1365 2214 qui

220 2263 282 2304 eam
303 2243 574 2302 commendationem
593 2244 791 2320 quaesiverant
810 2245 848 2302 ad
867 2243 1008 2322 quandam
1028 2241 1241 2316 scurrilitatem,
1264 2246 1296 2299 61
1318 2259 1366 2298 as·

218 2345 310 2421 solet,
331 2345 413 2423 proni
433 2344 540 2404 inventi
561 2345 713 2405 videantur
733 2365 815 2422 esse,
829 2345 994 2420 ¹Horatius,
1015 2360 1080 2420 .qua
1099 2343 1154 2400 snit
1180 2342 1208 2401 in
1229 2340 1364 2400 amiosdos

219 2447 412 2522 humanitate,
440 2447 506 2522 „de
532 2443 627 2505 Lollio
649 2449 760 2525 optima
775 2463 955 2524 qnaeqnese
977 2467 1092 2528 sperare
1114 2448 1155 2506 sit
1177 2448 1207 2501 et
1227 2441 1305 2516 fore,
1333 2445 1366 2498 ul

220 2550 386 2609 adolescens
408 2549 479 2608 bene
501 2553 626 2606 moratus
646 2553 677 2607 et
696 2547 764 2607 illud
785 2549 883 2608 vitium
905 2555 934 2610 et
954 2553 1032 2629 qnod
1053 2549 1117 2610 bnic
1130 2546 1300 2608 contrarium
1320 2549 1366 2603 ert

219 2670 272 2711 sua
291 2659 395 2732 sponte
417 2650 556 2709 devitet.“
592 2650 663 2710 llinc
685 2650 837 2730 explicabis
854 2672 882 2712 v.
905 2657 934 2718 1.
956 2663 1065 2711 mstms
1086 2649 1157 2732 (vid.
1174 2648 1210 2707 sd
1235 2647 1284 2720 16,
1301 2644 1366 2724 60.)

221 2761 257 2812 61
272 2752 426 2831 Epitheton
454 2749 616 2828 liberrime,
647 2753 722 2830 quod
746 2754 837 2830 ipsum
858 2752 945 2814 Lollii
972 2754 1097 2814 indolem
1124 2751 1160 2810 ab
1192 2747 1365 2808 assentando

220 2869 337 2930 prossus
350 2852 591 2911 alienamnrbane
605 2853 721 2913 indicat.
754 2855 802 2912 Sic
822 2855 884 2932 pari
898 2855 1056 2916 urbanitate
1074 2855 1125 2928 17,
1141 2854 1169 2914 1.
1184 2853 1213 2914 2.
1251 2850 1367 2926 Quam·

220 2953 268 3010 vis
289 2983 331 2998 -
352 2987 393 2998 -
412 2953 461 3009 uti
479 2952 559 3012 dixit.
599 2953 693 3021 Quam
712 2973 774 3013 rem
793 2956 841 3032 qui
861 2957 1021 3034 perambio
1037 2953 1248 3026 intellexerant,
1269 2952 1293 3009 si
1308 2969 1365 3008 nnn

220 3054 248 3112 in
270 3051 467 3132 Superlatioo,
489 3053 528 3111 uti
554 3053 718 3132 aequus,
745 3057 844 3134 „qnod
866 3057 894 3116 in
916 3075 1034 3115 excessu
1053 3058 1097 3113 cst
1117 3049 1307 3126 exuemnmf‘
1325 3050 1366 3108 ita

220 3159 252 3213 ut
270 3153 360 3212 Poeta
385 3151 508 3213 Lollium
537 3157 670 3231 „rustica
691 3157 822 3218 libertate
849 3159 949 3217 rudem
970 3157 1051 3235 qnasi
1071 3153 1206 3214 dedolare
1226 3151 1366 3210 studuerit

218 3255 409 3334 lenioremque
430 3257 490 3315 sois
508 3257 671 3334 efficere,“
699 3267 730 3320 at
747 3260 848 3320 saltem
874 3260 1012 3337 „nimiam
1031 3258 1172 3320 libertatis
1191 3271 1365 3331 exsuperan-

218 3357 308 3416 tiam“
329 3357 471 3418 viderunt.
506 3361 563 3430 Qui
579 3361 725 3420 nobiscnm
738 3361 846 3436 sentit,
865 3380 901 3421 ne
923 3362 1083 3439 ecquidem
1103 3357 1282 3419 excusatione
1301 3361 1366 3413 nte-

218 3465 282 3535 tnr,
304 3475 361 3536 qna
377 3459 428 3520 dr.
452 3460 610 3521 Iacobum
629 3461 678 3541 (V.
698 3482 727 3541 p.
744 3459 800 3540 78)
820 3459 943 3522 Lollium
963 3461 992 3520 id
1011 3462 1088 3541 quod
1104 3459 1158 3520 sibi
1177 3460 1232 3538 ipsi
1248 3456 1365 3516 debuis-

302 3649 334 3719 1)
358 3649 438 3703 conl.
460 3651 675 3707 6616661666
697 3669 801 3724 quoque
824 3653 871 3721 (V.
885 3669 914 3722 p.
929 3653 991 3720 78),
1020 3649 1246 3706 Wnlclceanen'uns
1266 3647 1315 3714 (IL
1333 3663 1361 3716 p.

219 3730 269 3791 174
281 3736 371 3808 sqq.),
391 3735 530 3790 Webcruns
545 3755 575 3808 p.
585 3736 648 3793 801.
675 3738 716 3792 lle
726 3737 851 3810 Epistola
862 3739 927 3791 ficta
941 3737 992 3808 [11]
1006 3735 1075 3790 dixit
1087 3735 1248 3789 Weicbertus
1258 3731 1286 3786 in
1296 3732 1363 3785 Pro·

217 3821 268 3874 ¹¹¹⁸·
280 3821 434 3971 17116666
449 3905 509 3977 plur
519 3903 617 3959 tribuit
629 3907 753 3960 versibus
766 3907 853 3962 61-
862 3901 898 3961 84
915 3904 1089 3960 1761616666
1103 3903 1153 3970 (11.
1164 3918 1192 3971 p.
1203 3901 1282 3967 176)=
1301 3897 1363 3966 „En

217 3982 285 4054 784,
303 3991 404 4059 epoque
419 3993 435 4043 1
448 3989 563 4062 laquelle
576 3991 611 4045 11.
624 3991 919 4060 16161166116161166,
937 3989 1066 4044 Marinus
1078 3987 1145 4041 11611
1155 4003 1221 4041 asso
1230 4003 1278 4039 son
1290 3983 1362 4036 frere

217 4071 285 4126 dane
294 4073 344 4123 666
357 4075 457 4129 maison
468 4077 500 4130 ds
512 4093 655 4147 cssnpngne
665 4078 699 4131 de
711 4077 770 4130 lens·
780 4079 937 4148 6166,»ρι·66
952 4075 987 4128 du
996 4075 1039 4128 la'c
1048 4071 1162 4141 bucria,
1180 4079 1208 4126 61
1221 4069 1254 4124 ils
1269 4065 1363 4124 6666-

217 4157 307 4212 661661
320 4163 380 4212 tons
394 4159 463 4218 deux
474 4164 490 4214 1
503 4161 609 4216 simules·
618 4179 665 4216 sur
675 4181 706 4216 co
716 4161 758 4215 lso
771 4178 837 4218 auec
848 4161 882 4216 66
896 4159 996 4234 petitas
1008 4161 1126 4229 barqnes
1136 4159 1162 4212 le
1175 4158 1278 4210 tumens
1291 4171 1362 4208 cota·

218 4245 265 4298 bat
274 4241 352 4296 nevel
363 4241 503 4298 d’Actium.
525 4248 579 4300 Ces
589 4246 659 4300 deux
669 4245 866 4302 circonstances
878 4263 943 4300 nous
954 4231 1088 4318 prouv'snt
1099 4259 1150 4316 que
1160 4234 1267 4312 l’epltre
1278 4238 1362 4292 6116-

218 4343 280 4382 rane
294 4327 336 4381 lut
350 4326 433 4382 ecrite
447 4346 480 4381 66
493 4337 614 4385 6616666
625 4337 654 4385 61
665 4332 729 4387 dans
744 4334 770 4386 la
780 4333 846 4387 mois
860 4332 1029 4404 septembre,
1045 4329 1111 4384 mois
1121 4325 1243 4398 prospice
1255 4339 1322 4394 pour
1334 4323 1361 4378 la

220 4415 328 4479 chasse,
344 4419 374 4467 et
388 4429 420 4466 an
436 4423 655 4470 commencement
667 4418 764 4488 daquel
777 4417 884 4472 6661661
899 4417 951 4471 lien
961 4415 999 4470 les
1013 4416 1078 4484 jsnx
1091 4412 1251 4483 Actlaquea,
1267 4409 1360 4463 tonte·

219 4499 489 4654 pngpgpspgpzepte.
515 4499 552 4555 tc
564 4499 692 4558 Horatius
702 4501 786 4558 serbo
798 4504 930 4561 61666666
942 4501 1043 4569 ntitas,
1058 4498 1188 4552 allodum
1197 4494 1310 4550 subinde
1320 4511 1362 4548 rs·
