3426 5334
361 533 427 598 496
458 535 667 598 COHMENT.
684 537 727 598 IN
741 535 835 598 HOR.
850 534 925 594 LlB.
941 535 964 594 1.
994 531 1117 594 EPIST.
1132 531 1411 594 Unuuvlcnsmr.
1451 529 1511 596 118

362 707 526 789 Argum).
564 709 638 767 Sunt
657 713 686 766 et
705 706 774 766 haec
794 705 904 766 Horatii
925 704 1028 763 festive
1048 704 1187 774 ludentis,
1207 723 1266 762 non
1283 703 1392 762 Cratini
1414 699 1510 773 rerba,

361 817 394 869 ut
409 811 463 868 sibi
485 809 660 887 persuadent
679 809 829 866 Dacerius
849 814 879 868 et
898 807 1045 866 Zurclcius
1054 830 1066 879 ,·
1089 807 1174 884 qnid,
1196 806 1273 883 quod
1294 804 1357 864 ille:
1386 804 1456 880 „On
1475 821 1511 863 ne

360 919 429 990 peut
449 931 501 990 pas
526 912 628 969 douter
652 931 708 988 que
729 929 762 969 ce
788 929 825 968 ne
846 911 904 968 soit
927 929 984 969 une
1005 911 1056 969 des
1076 909 1187 966 raisons
1214 908 1251 966 de
1276 907 1428 980 Cratinus,
1464 905 1512 981 qui

361 1011 438 1072 avoit
458 1013 509 1071 fait
528 1031 583 1071 une
605 1010 688 1070 Piece
710 1013 812 1092 expres
832 1031 907 1091 pour
929 1030 1054 1090 prourer
1074 1009 1121 1088 qu’
1145 1009 1267 1068 Homere
1295 1009 1373 1068 aroit
1392 1007 1463 1066 aime
1485 1006 1513 1064 le

361 1115 430 1172 rin“
452 1120 506 1172 etc.
545 1115 621 1184 Quid
643 1115 782 1173 Homerus
804 1114 840 1172 de
865 1115 931 1173 eino
954 1114 1093 1188 senserit,
1118 1118 1238 1189 apparet
1261 1129 1347 1187 quum
1371 1129 1406 1168 ex
1429 1109 1460 1168 11.
1480 1109 1513 1182 6,

362 1217 433 1281 261.
454 1222 485 1274 et
505 1217 562 1274 Od.
586 1215 635 1290 14,
656 1216 719 1280 463
738 1237 814 1294 sqq,
835 1223 893 1274 turn
912 1235 946 1275 er
963 1215 1119 1295 Epithetis,
1142 1231 1215 1290 quae
1232 1214 1300 1270 vino
1317 1219 1349 1270 ut
1368 1204 1512 1290 εὐήνορα,
1594 1297 1596 1300 Ι

361 1319 543 1397 μελίφρονα,
560 1317 712 1398 μελιηδέα,
729 1316 898 1398 μενοεικέα,
914 1323 1001 1380 θεῖον
1015 1309 1120 1384 ποτόν,
1133 1310 1287 1394 n‘du'norou
1302 1313 1408 1372 tribuit.
1426 1312 1513 1370 Cous.

362 1423 500 1484 Athenae.
520 1423 550 1497 5,
576 1423 625 1483 27.
647 1441 676 1498 p.
698 1421 759 1482 180
775 1445 819 1473 ==
839 1420 870 1496 5,
894 1423 923 1482 8.
947 1440 976 1497 Ρ.
999 1420 1069 1484 211.
1098 1417 1227 1493 Schngh.
1266 1416 1400 1474 Ceterum
1425 1417 1513 1472 vinn-

361 1545 432 1593 eno,
453 1526 501 1600 qui
523 1534 554 1583 ut
578 1519 764 1600 13,1t.(ib.
786 1527 882 1579 annot.
902 1540 932 1598 p.
948 1523 1023 1594 181)
1041 1521 1097 1578 vini
1116 1519 1322 1578 amantissimus
1345 1523 1399 1580 est.
1433 1517 1514 1586 Qua·

363 1631 482 1704 propter
510 1643 661 1683 assensum
683 1624 794 1698 denego
822 1621 987 1691 Honorio,
1019 1623 1065 1699 qui
1093 1623 1122 1680 iu
1151 1620 1367 1680 Zimmermanni
1401 1619 1514 1693 „Zeit-

362 1728 462 1786 scbritt
482 1727 504 1787 1.
526 1729 554 1790 d.
575 1725 795 1787 Alterthnrsn.“
823 1722 916 1786 1834.
938 1741 968 1801 ρ.
993 1723 1064 1786 888.
1087 1726 1170 1786 dicit:
1198 1724 1326 1798 „Homer
1348 1737 1406 1778 war
1422 1739 1513 1796 ange-

360 1830 500 1900 trunlren‚
527 1847 608 1885 wenn
630 1846 660 1885 er
684 1825 816 1885 dichtete.
865 1824 992 1883 Deutlicb
1018 1824 1158 1902 sprechen
1184 1824 1265 1882 datin
1286 1824 1334 1882 de
1356 1821 1512 1900 folgenden

362 1931 477 1991 Worte:
506 1929 626 1986 Ennius
648 1959 684 1972 -
706 1925 845 1989 dicenda.
882 1926 998 1984 Ebenso
1026 1927 1118 2006 Epist.
1148 1931 1177 2002 1,
1201 1927 1251 2001 13,
1279 1926 1330 1988 14.
1355 1928 1434 1984 ete.“
1474 1926 1514 1984 At

361 2033 460 2092 confer
484 2030 575 2089 Plaut.
598 2030 684 2087 Cure.
706 2031 737 2104 1,
762 2031 791 2108 1,
813 2031 864 2092 79.
891 2029 978 2088 Orid.
1000 2028 1034 2088 Δ.
1055 2031 1090 2088 Α.
1110 2030 1143 2104 8,
1165 2029 1237 2091 880.
1262 2027 1327 2088 coll.
1354 2028 1453 2090 Heins.
1475 2028 1514 2085 nd

362 2135 449 2193 Ovid.
473 2135 553 2192 Fast·
577 2136 608 2209 2,
630 2133 702 2194 572.

445 2235 480 2292 V.
499 2238 529 2296 7.
547 2236 578 2296 8.
610 2233 732 2290 Ennius
754 2263 792 2274 —
814 2229 962 2302 dicendo,
983 2233 1002 2290 i.
1024 2251 1050 2290 e.
1071 2265 1114 2277 -
1129 2265 1170 2276 -
1193 2233 1339 2308 „quodam
1360 2233 1440 2309 quasi
1458 2231 1514 2290 inr-

362 2345 429 2416 petu
446 2337 482 2394 ad
503 2353 580 2394 arma
600 2335 728 2392 canenda
749 2340 795 2392 est
807 2340 906 2409 actus,
926 2342 959 2393 ut
980 2333 1005 2393 si
1020 2335 1083 2411 ipse
1103 2335 1140 2392 sit
1157 2351 1281 2412 pugnarn
1302 2335 1515 2413 pugnaturus.“

361 2440 441 2499 ldem
468 2437 542 2497 nnn.
566 2441 601 2512 1,
625 2438 651 2497 1.
683 2435 793 2496 Merula
816 2442 948 2494 auctores
974 2435 1112 2494 Horrida
1138 2435 1319 2493 Romuleum
1348 2437 1513 2492 certamino

359 2561 464 2619 pango
485 2535 629 2596 duellum.
672 2535 757 2604 Quod
783 2538 869 2596 nimio
896 2541 975 2615 potui
996 2537 1160 2611 indulserit,
1190 2557 1225 2596 ex
1246 2556 1297 2610 eo,
1324 2538 1401 2614 quod
1426 2539 1463 2597 de
1480 2557 1514 2596 se

361 2644 425 2721 ipso
446 2647 522 2700 teste
543 2639 687 2696 Prisciano
703 2640 736 2713 7,
754 2635 805 2714 14,
826 2641 879 2702 80.
901 2641 953 2702 Kr.
974 2641 1090 2714 dixerit,
1112 2641 1185 2697 ellici
1207 2638 1317 2699 volunt=
1341 2639 1513 2720 Nunquam

357 2753 465 2822 postor
484 2742 544 2800 nisi
558 2740 704 2818 podager.
738 2742 837 2804 Seren.
855 2743 999 2802 Sammon-
1021 2740 1073 2816 88,
1096 2741 1167 2803 718.
1189 2741 1309 2800 Ennius
1329 2743 1392 2819 ipss
1407 2755 1513 2821 pater,

362 2845 436 2904 dum
451 2843 565 2922 pocula
586 2845 679 2900 siccut
699 2843 805 2921 inz'qoa
814 2885 827 2914 ,
856 2846 926 2901 Hoc
947 2845 1018 2901 ertio
1042 2841 1118 2902 talea
1137 2844 1237 2921 fertur
1261 2847 1400 2902 meruisse
1427 2845 1513 2903 dolo-

363 2947 478 3026 ΜΝ).
519 2945 607 3004 Audit
627 2955 716 3022 pater
735 2965 793 3004 non
819 2952 876 3004 tam
899 2947 974 3024 quod
999 2945 1110 3004 duobus
1135 2953 1201 3005 ante
1228 2945 1332 3006 seculis
1354 2947 1413 3023 (no.
1436 2969 1463 3006 u.
1484 2969 1512 3008 c.

363 3050 434 3112 515.
457 3047 576 3125 Rodiis,
600 3047 749 3106 Calabriae
772 3047 855 3120 urbe,
873 3047 1015 3128 natns‚†
1036 3049 1122 3124 585.)
1143 3049 1293 3122 floruerat,
1316 3068 1399 3126 quarn
1420 3050 1512 3108 laudis

363 3169 465 3224 course,
490 3169 545 3227 qua
568 3157 667 3208 auctor
692 3167 776 3227 quum
793 3150 888 3227 poesis
917 3149 1036 3207 Latinae
1043 3187 1053 3223 ‚
1083 3155 1143 3207 tum
1169 3150 1241 3226 epici
1270 3152 1398 3210 carminis
1424 3171 1512 3212 rersn

362 3254 476 3312 heroico
503 3253 630 3309 sonantis
661 3251 753 3328 (alter
772 3251 923 3308 Homerus
944 3255 974 3326 2,
996 3253 1025 3324 1,
1045 3251 1112 3329 50.)
1132 3249 1242 3310 habitus
1261 3257 1316 3311 est.
1355 3253 1417 3310 Hoc
1436 3255 1512 3314 idem

363 3355 453 3412 sensit
472 3353 660 3431 Porphyrion.
692 3353 778 3411 Orid.
799 3351 890 3414 Triet.
907 3355 937 3428 2,
954 3350 1017 3415 128
1038 3351 1090 3430 (ib.
1112 3349 1227 3428 Loers.)
1247 3373 1302 3411 auo
1316 3353 1443 3412 Martem
1462 3375 1512 3413 ce-

363 3457 435 3512 cinit
453 3457 560 3533 gravis
579 3455 699 3513 Ennius
717 3475 771 3516 ore.
804 3454 890 3534 Prop.
912 3451 999 3532 118)
1021 3455 1052 3530 2,
1073 3455 1103 3517 5.
1133 3456 1296 3535 Parvaque
1316 3459 1513 3537 mmngnie

447 3707 477 3783 *)
493 3714 533 3768 Ad
551 3713 661 3768 ironiam
675 3733 766 3786 parurn
782 3715 847 3769 tacit
861 3713 1002 3785 Doers'ngii
1013 3711 1217 3784 interpretation
1241 3717 1390 3783 „Homerus
1407 3717 1442 3770 ob
1456 3717 1511 3770 lan·

362 3803 422 3868 des,
439 3817 504 3871 quas
518 3797 580 3852 rino
594 3801 703 3870 tribuit,
723 3801 827 3855 munaus
840 3799 922 3853 fuisse
941 3799 1068 3854 dicitnr.“
1094 3799 1160 3853 Loci
1175 3801 1273 3855 mentio
1287 3803 1319 3855 tit
1332 3820 1349 3855 a
1363 3792 1472 3856 Nunnio
1484 3803 1510 3854 in

362 3887 441 3942 illiso.
456 3884 482 3953 4,
497 3883 542 3940 25.

430 3985 475 4055 **)
490 3989 583 4040 Parum
598 3985 661 4041 tidei
679 3994 776 4057 poetes
795 3987 929 4042 Venusino
945 3988 979 4040 ds
996 3988 1123 4042 hocloco
1145 3989 1232 4040 Ianus
1248 3987 1337 4043 Nicias
1351 3987 1511 4056 Erythraeus

362 4074 467 4143 (Epist.
479 4075 505 4142 6,
521 4069 564 4127 15.
578 4074 615 4127 11.
630 4090 656 4141 p.
666 4071 728 4127 805.
746 4075 790 4128 sd.
801 4073 938 4140 Fischer.)
949 4071 1043 4126 habet:
1059 4074 1113 4139 „dt
1126 4073 1270 4141 Horatius,
1285 4073 1329 4142 qui
1341 4071 1395 4126 suia
1406 4091 1440 4126 er
1450 4089 1510 4126 rer·

362 4160 435 4212 sibus
451 4177 481 4212 se
494 4158 552 4212 rini
566 4157 687 4229 cupidum
699 4157 782 4212 fnisse
795 4161 898 4230 prodit,
914 4157 1012 4230 quique
1023 4175 1055 4212 ex
1068 4173 1116 4212 suo
1127 4158 1234 4226 ingenio
1251 4159 1360 4212 aliorum
1377 4161 1509 4229 conjectu-

361 4261 416 4296 ram
427 4244 509 4312 tacit,
523 4261 607 4314 prope
622 4243 723 4297 ebriosi
736 4261 875 4315 porsonam
886 4243 972 4298 Ennio
989 4244 1096 4298 uidetur
1111 4243 1255 4313 imponere.
1281 4245 1419 4314 Nunquam
1433 4244 1508 4310 enim,

362 4329 416 4396 ait,
431 4329 482 4380 nisi
493 4337 582 4398 potum
594 4327 626 4381 ad
637 4346 708 4382 erma
719 4326 830 4384 dicenda
840 4329 1003 4398 prosiluisse.
1029 4329 1101 4393 Quid
1113 4330 1215 4382 multat
1232 4329 1373 4384 Homerum
1381 4327 1509 4396 vinosum,

362 4412 436 4483 ipsas
447 4415 513 4469 adeo
527 4414 617 4468 Musas
631 4413 800 4483 multibiba,
817 4414 959 4470 meribibas
976 4415 1051 4471 lacit.
1078 4415 1132 4468 Sed
1145 4415 1229 4484 gratis
1243 4413 1325 4468 tuisse
1335 4411 1397 4468 illud
1409 4415 1443 4468 ab
1455 4413 1508 4466 En-

362 4497 406 4550 nio
418 4497 515 4551 dictum
527 4501 662 4554 existimor
679 4501 810 4554 nonenim
827 4501 865 4554 ita
880 4508 939 4554 erat
948 4500 988 4553 iili
999 4517 1043 4556 res
1055 4502 1153 4572 ampla,
1168 4507 1197 4553 ut
1210 4509 1303 4570 posset
1318 4501 1352 4554 ds
1365 4515 1413 4554 ena
1429 4515 1507 4570 pson-

362 4585 406 4637 ntu
419 4583 532 4652 largitor
544 4584 570 4636 in
585 4603 614 4638 ss
629 4601 727 4640 merum
739 4584 925 4656 ingurgitare“
941 4595 994 4645 ete.
