3372 5328
365 528 429 596 252
471 525 680 592 COhfflENT.
694 527 738 588 ΙΝ
752 527 846 588 ΗΟΒ.
864 526 971 592 LlB.l.
993 523 1410 598 nennouutwncffl.
1460 529 1500 591 92

365 721 417 779 viri
435 720 523 780 docti.
556 714 595 775 At
607 735 655 774 res
669 717 698 773 in
711 721 844 793 promptu
862 723 915 776 est.
948 715 1037 774 Tecte
1053 715 1159 777 indicat
1175 716 1378 776 urbanissimus
1400 715 1502 793 Poeta,

365 841 398 881 se
419 825 516 898 utpote
537 817 650 894 Baianis
672 816 777 898 deliciis
797 817 946 876 rosunum
965 823 995 876 et
1014 818 1107 895 ipsum
1122 835 1225 895 eqnunn
1242 820 1324 896 Bajas
1341 837 1426 896 quam
1447 817 1503 879 Vc·

364 925 430 982 liam
452 923 503 979 aut
526 919 675 978 Salernum
700 917 818 978 tendere
846 918 994 994 maluisse,
1026 921 1079 979 sed
1108 925 1140 978 ut
1166 938 1198 979 sc
1223 920 1324 979 medici
1349 919 1502 981 inhibuerit

363 1022 526 1096 consilium,
548 1021 589 1078 ita
606 1041 708 1097 equum
727 1027 878 1078 remaclum
900 1039 965 1079 essc
986 1022 1090 1098 equitis
1110 1021 1215 1093 frenis3
1235 1023 1304 1100 quid
1319 1023 1403 1100 igitur
1424 1042 1501 1099 esse,

364 1125 442 1202 quod
471 1124 550 1182 sicus
581 1123 705 1201 Bajanus
734 1122 789 1200 ipsi
820 1139 990 1180 succensere
1020 1121 1177 1201 pergeret?
1208 1123 1344 1184 Ceterum
1368 1123 1502 1201 observa,

362 1227 448 1285 Baias
480 1225 574 1285 Roma
605 1221 848 1303 proficiscentibus
880 1241 932 1301 per
965 1222 1068 1282 Cumas
1098 1225 1152 1284 iter
1180 1225 1282 1296 luisse3
1314 1227 1379 1286 hinc
1396 1232 1502 1300 jarina

363 1327 514 1402 Bajarum
535 1326 599 1386 Jus.
621 1325 653 1399 3,
672 1323 695 1387 4
715 1325 795 1402 (ihiq.
816 1323 937 1401 Rupert.
958 1329 989 1382 et
1006 1323 1130 1397 Halon).
1150 1325 1254 1390 Justin.
1271 1327 1358 1386 Mart.
1380 1329 1501 1388 Cohort.

244 1426 253 1441 ¹
362 1431 401 1486 ad
430 1428 559 1486 Graecos
584 1428 626 1489 37
651 1424 699 1505 (p.
724 1427 775 1490 38.
800 1425 854 1504 Α).
890 1419 961 1498 eosic
987 1421 1140 1505 χρησμοῦς
1167 1424 1354 1508 ἐξαγορεύειν
1383 1429 1416 1492 ἔν
1444 1454 1503 1492 τινε

364 1532 476 1613 Κονμᾷ
494 1523 575 1590 οὕτω
594 1526 762 1613 καλουμένῃ
781 1525 884 1602 πόλει,
908 1526 942 1600 ἓξ
963 1527 1097 1605 σημείοις
1116 1523 1258 1613 δεεοτόσῃ
1280 1531 1395 1606 Batou,
1425 1529 1503 1592 ἔνθα

362 1626 400 1692 eol
421 1626 520 1712 θερμοί
541 1632 595 1708 τῆς
618 1629 799 1710 Καμπανίας
820 1623 898 1690 εἶναι
918 1629 1087 1710 συμβαίνει.
1119 1628 1202 1689 Adde
1225 1631 1334 1708 Gierig.
1358 1631 1394 1689 ad
1414 1632 1499 1692 ond.

363 1733 436 1794 Met·
463 1731 513 1810 14,
539 1734 598 1796 101
618 1752 683 1809 sqq.
704 1739 734 1790 et
752 1731 816 1790 Vct.
835 1729 955 1790 Roman.
978 1731 1105 1791 itinerar.
1126 1732 1171 1794 ed.
1189 1731 1359 1810 wesseling.
1380 1753 1410 1810 p.
1429 1731 1498 1795 123.

446 1834 482 1894 V.
505 1829 652 1898 14—15.
673 1834 778 1907 Major
794 1843 896 1891 utrum
908 1867 951 1878 —-
961 1854 1025 1911 par
1043 1845 1093 1894 est.
1118 1834 1180 1892 Jam
1197 1840 1380 1912 percontatur
1393 1835 1429 1893 cle
1441 1833 1502 1892 iru-

363 1938 450 1998 menti
470 1935 583 1995 annona
603 1937 721 2015 aliisque
742 1935 826 1996 rebus
846 1935 885 1993 ad
910 1934 1058 1995 vivendum
1081 1937 1263 2012 necessariis,
1293 1955 1386 2014 neque
1407 1942 1501 1996 tamur

363 2059 458 2100 umore
489 2040 612 2116 quodam
640 2038 829 2116 parsimoniae
856 2039 973 2113 ductus,
1004 2037 1056 2096 sed
1080 2040 1127 2112 ut,
1157 2057 1213 2115 quo
1242 2037 1304 2096 loco
1336 2039 1428 2116 magis
1458 2040 1501 2096 in-

363 2143 449 2222 genio
470 2140 616 2217 indulgere
635 2142 743 2219 possit,
764 2141 867 2200 certior
881 2139 940 2198 fiat.
973 2140 1005 2198 ln
1024 2138 1110 2200 verbo
1123 2137 1257 2217 populus
1274 2159 1301 2198 v.
1317 2141 1366 2204 14.
1387 2141 1499 2218 lyricum

362 2241 553 2321 hyperbolen,
574 2247 606 2300 ut
624 2241 839 2320 Housmam)
860 2243 950 2301 visum
971 2247 1032 2317 est,
1055 2243 1160 2300 sentire
1180 2241 1253 2313 noli;
1274 2243 1500 2318 frequentissime

364 2343 454 2418 enirn,
474 2347 506 2400 ut
526 2341 660 2401 observat
684 2341 835 2414 oranius,
867 2344 985 2402 verbum
1009 2343 1079 2400 illud
1105 2343 1143 2401 da
1162 2343 1375 2420 municipiorum
1401 2345 1499 2404 incolis

362 2445 392 2502 in
418 2444 506 2502 Inscr.
532 2449 563 2502 ut
591 2444 663 2508 113.
691 2443 762 2509 124.
791 2447 861 2508 126.
887 2444 983 2508 3847.
1012 2449 1172 2521 usurpatur.
1209 2475 1244 2486 —
1277 2447 1312 2504 V.
1342 2445 1391 2510 15.
1430 2447 1499 2508 001-

362 2547 489 2603 leotosne
513 2543 616 2602 bibunt
635 2579 679 2591 -
698 2547 788 2625 Iugis
808 2565 915 2624 aquae.
946 2546 977 2602 Ι.
1002 2544 1135 2604 Merkel:
1165 2545 1302 2622 „Trinlt
1325 2565 1391 2607 man
1417 2567 1498 2628 spru-

364 2645 467 2704 delnde
488 2645 609 2713 Quellen
628 2648 679 2706 mit
699 2648 816 2706 nimmer
837 2647 1051 2724 versiegendenr
1071 2645 1211 2706 Wasserl
1232 2648 1313 2708 Oder
1333 2648 1499 2726 gesammel-

363 2754 412 2808 ten
431 2745 579 2824 Regenl“
614 2747 764 2806 Scheller:
791 2749 866 2827 „Ob
888 2751 944 2808 den
966 2748 1167 2826 gesammelten
1188 2748 1288 2826 hegen
1312 2751 1355 2808 sic
1375 2752 1498 2826 trinken,

363 2851 400 2910 ob
422 2849 552 2910 lactente
564 2847 700 2910 B'runnen
714 2852 845 2912 Nimsner
864 2848 1076 2928 versiegendl“
1093 2851 1187 2920 Quum
1207 2850 1298 2909 Poeta
1314 2853 1351 2910 dc
1364 2853 1499 2930 qualitate

363 2971 453 3031 aquae
472 2952 564 3032 (quod
583 2927 696 3031 manilii,
716 2955 765 3031 qui
785 2973 858 3032 quse
878 2955 907 3013 in
928 2955 1029 3014 Satiris
1053 2956 1083 3028 1,
1104 2953 1135 3028 5,
1157 2953 1206 3016 28.
1233 2938 1363 3013 dicuntui
1384 2959 1498 3033 reputa·

364 3213 485 3283 viamque
499 3211 576 3266 nobis
591 3212 713 3282 placitum
727 3211 823 3266 inirc“
842 3219 916 3266 recta
937 3213 1048 3283 cogitat.
1076 3211 1150 3266 Nihil
1171 3220 1256 3266 autem
1278 3221 1359 3280 agunt
1381 3213 1428 3285 qui
1450 3232 1498 3286 pro

364 3299 424 3365 ενοι·
442 3298 512 3364 spuis
530 3297 613 3350 scribi
629 3297 736 3350 malunt.
766 3299 811 3354 ef.
832 3299 947 3352 Schmin.
973 3299 1054 3353 orell.
1069 3300 1104 3351 ad
1119 3300 1145 3352 h.
1161 3298 1178 3353 l.
1200 3299 1256 3352 Fen
1272 3298 1306 3349 ad
1320 3298 1408 3369 Epist.
1427 3302 1498 3367 2,1,

365 3383 426 3435 187.
440 3389 469 3433 et
486 3383 566 3437 Baelo.
582 3383 611 3434 in
625 3384 718 3436 Zimm.
733 3383 765 3435 Z.
782 3379 861 3438 1834.
876 3401 902 3454 p.
918 3379 997 3438 1041.
1027 3385 1122 3453 Neque
1136 3383 1281 3438 audiendos
1295 3391 1338 3437 est
1351 3383 1499 3450 Mus-citius,

364 3466 407 3518 cni
427 3465 494 3520 lior.
515 3467 607 3520 ludere
628 3469 746 3522 soluisse
767 3468 874 3522 videtur
897 3469 930 3522 sd
954 3487 1062 3536 oureus,
1087 3487 1176 3536 oreos,
1197 3487 1241 3540 sp.
1263 3469 1339 3522 nost.
1361 3485 1390 3540 p.
1405 3471 1432 3524 8.
1446 3470 1500 3524 310

363 3549 516 3617 (Lindon).
543 3552 584 3604 Dc
597 3553 703 3607 rariora'
714 3553 865 3624 Singularis
885 3554 968 3608 lormn
981 3571 1010 3608 v.
1024 3555 1144 3623 hubenc,
1167 3557 1240 3624 cujus
1260 3554 1331 3608 ratio
1347 3554 1390 3608 hic
1403 3555 1499 3608 lectori

363 3634 524 3702 intelligenti
538 3644 631 3706 patet,
653 3641 685 3694 cf.
701 3639 779 3692 Voss.
794 3640 877 3692 Arist.
892 3639 914 3692 I.
929 3657 957 3709 p.
971 3635 1032 3700 494,
1053 3640 1086 3693 C.
1102 3639 1228 3694 Schneid.
1243 3640 1376 3695 Formenl.
1395 3658 1422 3710 p.
1434 3635 1496 3694 414.

362 3719 490 3774 Doederl.
506 3719 573 3790 Syn.
590 3723 634 3776 Vl.
650 3741 677 3793 p.
693 3723 754 3778 137.
778 3725 866 3780 hoeoo
882 3723 978 3777 dicitur
994 3725 1151 3794 praegnanti
1170 3741 1247 3796 quem
1267 3743 1347 3796 snpra
1363 3724 1499 3796 posuimus

364 3823 459 3873 sensu,
482 3805 548 3859 alins
563 3805 631 3859 enirn
645 3807 710 3861 illud
727 3809 874 3880 Epitheton
888 3809 917 3862 in
930 3809 979 3862 tali
993 3826 1024 3862 re
1046 3827 1117 3863 snam
1130 3801 1334 3880 explicationem
1348 3811 1445 3879 hahet,
1465 3810 1499 3863 da

364 3908 417 3960 qua
430 3892 501 3945 cont.
515 3892 608 3950 Barth.
624 3892 657 3945 acl
672 3895 743 3948 sut.
760 3895 827 3952 Silv.
839 3899 869 3961 ¹1,
885 3896 910 3963 1,
925 3895 969 3949 37.
985 3900 1013 3947 et
1026 3895 1109 3948 Drnl.
1125 3895 1159 3948 nel
1173 3895 1221 3958 su.
1237 3899 1270 3950 lt.
1287 3891 1313 3965 4,
1329 3897 1389 3954 209.

448 3991 474 4063 *)
495 3993 563 4048 Dum
577 3993 641 4047 haec
655 3995 759 4063 scribo,
779 3996 842 4049 mihi
862 3997 975 4050 affertur
995 3995 1113 4064 lugubris
1135 3996 1168 4049 de
1182 3997 1242 4050 viri
1258 3996 1405 4050 doctissimi
1424 3998 1499 4050 obitu

363 4081 479 4134 nuntius.
516 4080 599 4142 Quam
615 4082 683 4134 bens
696 4081 831 4134 lloehsrler
845 4090 874 4134 et
890 4081 1064 4147 Vennones,
1087 4099 1164 4152 qnam
1179 4089 1207 4134 at
1228 4083 1313 4152 ipsum
1331 4089 1500 4151 praematura

362 4175 448 4219 morte
463 4171 583 4234 creptum
596 4166 689 4233 doleo,
712 4165 746 4218 da
759 4165 875 4219 Horatio
891 4167 978 4221 mariti
992 4167 1059 4232 sint,
1083 4183 1134 4220 non
1149 4184 1215 4238 opns
1230 4176 1273 4220 est
1286 4167 1386 4222 dicere.
1418 4168 1498 4220 Plura

363 4251 488 4304 adderem
501 4250 535 4302 cle
555 4251 693 4322 utriusque
712 4249 764 4304 viri
783 4249 860 4320 mihi,
883 4253 943 4304 dum
962 4250 989 4303 in
1009 4251 1079 4303 vivis
1102 4259 1176 4320 erat,
1198 4253 1346 4306 amicissimi
1364 4253 1494 4317 laudibus,

365 4334 416 4384 nisi
425 4335 453 4386 id
464 4335 638 4404 importunius
649 4336 699 4388 hoc
710 4336 768 4390 loco
783 4337 863 4389 foret.
887 4335 1034 4407 Utrumque
1048 4335 1132 4407 igitur
1144 4353 1185 4390 mo
1200 4336 1291 4392 intimo
1306 4343 1414 4407 pectore
1427 4352 1497 4388 οιεε-

365 4429 424 4466 rerc
437 4419 574 4485 profiteor.
604 4420 789 4474 Lactnhnntur
802 4422 836 4475 sle
850 4420 941 4474 talium
954 4421 1077 4475 virorum·
1092 4423 1167 4475 obitu
1187 4424 1269 4477 credo
1291 4423 1312 4476 ii
1332 4422 1428 4488 solnm,
1449 4421 1498 4492 qui

366 4499 476 4564 quodam
489 4503 617 4558 novitatis
631 4506 736 4574 pruritu
750 4507 860 4578 antiqua
877 4521 995 4578 quaeque
1008 4513 1089 4577 atque
1103 4507 1209 4560 excelsa
1223 4513 1373 4577 prementes
1388 4521 1436 4560 sna
1450 4523 1500 4561 ax-

366 4579 458 4634 tulisse
472 4585 572 4641 volunt.
600 4591 728 4661 Exempla
744 4621 778 4631 —
797 4591 917 4662 qnoniam
932 4591 1064 4646 invidiose
1078 4599 1140 4646 sunt
1152 4621 1196 4634 -
1208 4608 1260 4646 non
1274 4593 1393 4646 stieran.
