3430 5324
228 490 289 556 itt
321 483 607 549 concinnunt!
620 483 662 542 ΙΝ
677 477 842 542 nonunt
856 476 962 538 Luni.
981 473 1292 536 EPIST.DUODEC.
1323 467 1385 533 155

228 676 360 756 llenopln.
381 673 467 735 Mem.
489 671 575 728 Socr.
598 671 637 746 2,
661 670 719 746 10,
740 665 772 729 4.
802 661 854 729 did
873 659 911 726 rui
931 659 1090 745 πράγματα
1114 659 1175 738 (ubi
1199 661 1268 738 quid
1290 657 1387 738 deest)

231 774 436 848 edoooroirooc
455 771 518 835 lori
537 771 646 849 pibone
665 764 804 852 dyabodc
822 762 1003 847 κτήσασθαι.
1025 765 1158 840 Theogn.
1179 763 1240 825 1⁰5
1258 783 1321 841 sqq.
1339 763 1387 820 ed.

231 881 308 958 vulg.
333 879 417 939 Addo
447 875 536 934 lsocr.
565 875 603 932 ad
631 872 780 933 Demonic.
805 865 857 932 44.
878 889 908 946 p.
929 867 977 930 lb·
1000 863 1070 925 wlf.
1095 861 1174 940 Totis
1193 858 1332 945 ιῖγιιθοΰς
1353 857 1389 926 ed

232 986 328 1044 ποιεῖ·
351 973 443 1050 καλὰς
462 971 520 1058 yolo
541 971 701 1056 θησαυρὸς
719 966 789 1054 παρ’
808 967 898 1050 dvdpi
916 969 1070 1054 σπουδαίῳ
1090 965 1176 1049 χάρις
1198 963 1388 1046 ὀφειλομένη.
1429 1017 1430 1020 ,

232 1080 389 1144 lumbicus
405 1097 476 1138 cum
491 1076 630 1136 bocenaio
652 1077 764 1136 confert
780 1073 874 1135 Puut
892 1073 952 1136 lilii.
969 1071 1044 1150 glor.
1057 1071 1090 1148 3,
1113 1073 1143 1148 1,
1165 1071 1236 1132 137.
1257 1070 1306 1128 ubi
1325 1071 1390 1128 vide

233 1184 359 1246 Tauium.
400 1182 480 1241 Haec
506 1197 612 1258 gnome
641 1195 801 1258 quanquam
828 1175 907 1234 nullo
935 1175 973 1232 ad
1000 1191 1107 1250 aequae
1135 1172 1262 1251 Groaphi
1288 1193 1391 1253 preces

234 1289 370 1366 respectu
397 1283 510 1363 prolata
538 1282 667 1354 videtur,
695 1286 789 1338 tamen
814 1283 893 1338 totus
918 1276 1120 1336 sententiarum
1141 1273 1221 1334 color
1242 1295 1306 1336 eam
1325 1276 1393 1335 lecii

237 1389 426 1449 conditionem
447 1384 542 1464 pouit,
564 1401 620 1460 qna
638 1379 773 1458 Grospho
790 1379 901 1457 petenti
916 1395 1002 1456 opem
1022 1377 1097 1436 ferre
1116 1381 1213 1453 queat,
1234 1383 1266 1436 ut
1282 1397 1394 1439 omnem

238 1491 361 1567 deroges
383 1485 539 1546 Drinum
559 1485 656 1559 fldem,
678 1501 764 1560 quum
784 1479 889 1539 iccium
909 1497 928 1538 a
948 1479 1112 1557 suspicione
1129 1479 1295 1572 difficilioris
1319 1481 1395 1542 illino

238 1591 366 1669 Grorpbi
387 1595 418 1650 et
441 1587 528 1668 peulo
554 1586 719 1646 morosioris
739 1588 887 1642 avocatum
906 1581 984 1640 dicit.
1017 1581 1121 1658 Neque
1140 1580 1241 1641 melius
1262 1601 1309 1642 res
1331 1601 1396 1642 nuc·

239 1693 328 1754 ceint
346 1690 512 1770 Doeringto
533 1691 570 1750 de
591 1689 659 1747 Iccii
677 1685 798 1746 avaritia
815 1683 967 1760 cogitanti:
988 1684 1036 1760 „ni
1056 1683 1219 1761 virbonus,
1241 1686 1334 1763 qualis
1351 1693 1397 1746 eat

241 1795 313 1869 Gn,
333 1813 366 1853 re
385 1793 477 1870 aliqua
498 1811 555 1871 qua
574 1791 622 1850 ille
644 1789 772 1865 indiget,
798 1805 816 1845 a
837 1791 867 1844 te
883 1785 1042 1863 juvabitur,
1070 1785 1120 1846 vili
1144 1789 1239 1866 pretio
1260 1807 1325 1848 eum
1345 1789 1398 1848 tibi

241 1898 363 1956 amicum
380 1911 483 1974 pnrare
502 1895 631 1975 poteria,
659 1891 733 1969 quio
754 1907 790 1945 oa
809 1897 941 1959 unium,
968 1907 1047 1967 quoe
1065 1887 1183 1946 vilior-ir
1203 1892 1298 1968 pretii
1317 1901 1398 1966 cunt,

242 2017 265 2056 ιι
285 2008 313 2055 ιι
328 2003 446 2075 potet.“

329 2113 366 2174 V.
387 2113 439 2180 25.
475 2113 527 2171 Ne
547 2121 763 2169 tomen—rea.
794 2105 850 2168 llic
867 2105 1015 2184 Epistolce
1034 2106 1176 2185 epilogus,
1196 2113 1246 2190 qui
1267 2115 1304 2173 de
1324 2121 1401 2175 statu

244 2215 377 2278 Romano
399 2213 503 2293 triplici
527 2213 644 2272 victoria
668 2219 752 2270 aucto
776 2209 881 2268 Iccium
902 2209 972 2268 satit
993 2211 1160 2290 certiorem,
1189 2233 1256 2273 num
1278 2213 1403 2292 Augusti

246 2319 363 2397 ejusque
376 2317 529 2376 amicorum
542 2334 628 2375 causa
641 2313 754 2374 additus
771 2311 820 2387 eit,
839 2316 871 2369 nt
884 2312 1037 2390 opinantur
1050 2311 1236 2387 totamm,
1258 2317 1403 2394 Orelliuo,

245 2419 311 2496 alii,
334 2419 481 2496 equidem,
503 2416 529 2475 ai
551 2435 601 2492 ea,
630 2435 701 2494 quae
724 2431 810 2492 supra
832 2415 972 2490 conjicere
990 2431 1076 2474 ausus
1096 2435 1174 2494 eum,
1195 2417 1316 2498 aliquem
1335 2442 1404 2500 pm.

247 2519 422 2580 habilitatem
441 2517 558 2592 hobent,
579 2519 668 2595 magis
690 2516 816 2575 dubitem
836 2533 920 2592 qnam
939 2515 1087 2576 affirmem.
1117 2517 1223 2580 Verum
1243 2523 1289 2582 hic
1311 2521 1406 2581 Diiu-

248 2631 361 2682 trernm
388 2639 502 2699 quoque
523 2619 630 2679 ridicae
657 2619 759 2679 lubens
778 2617 884 2678 indico.
926 2619 1001 2677 Snnt
1018 2619 1111 2696 enim,
1138 2621 1186 2700 qui
1208 2629 1238 2682 et
1255 2623 1310 2684 hoc
1329 2625 1406 2703 loco,

247 2731 280 2783 nt
302 2720 476 2791 Rodelliua,
509 2719 705 2791 Sanodonroe,
733 2717 954 2797 Ηαόιψὶιὶιιι,
981 2721 1218 2798 tergiversantem
1239 2725 1305 2785 Iccii
1331 2727 1408 2785 deri-

250 2819 388 2902 sorem*)
418 2821 545 2880 videant.
588 2821 679 2880 Porro
707 2821 811 2880 nollem
836 2821 997 2880 addidisset
1025 2821 1175 2884 Orelliuo:
1209 2825 1284 2902 „Ne
1311 2832 1409 2886 tamen

249 2933 300 3003 to,
322 2929 448 2982 remotos
469 2941 555 2998 quum
576 2924 615 2980 sie
637 2921 673 2981 ab
693 2921 774 2982 Urbe
796 2925 827 2980 et
848 2921 949 2980 studiis
970 2930 1144 3001 occupatum,
1165 2925 1315 3002 ignores.“
1349 2927 1411 2985 Ad-

252 3029 412 3088 ditamento
433 3024 509 3082 enim
531 3022 600 3082 talia
620 3043 704 3101 quom
725 3025 787 3082 fere
810 3041 828 3081 e
848 3039 880 3080 re
901 3021 960 3080 sint
983 3022 1092 3102 aliena,
1120 3023 1276 3104 legentium
1303 3027 1411 3086 animoa

251 3129 341 3189 rebus
367 3126 495 3186 nondum
523 3126 676 3204 exploratis
703 3123 849 3203 implicent
875 3140 994 3182 necesse
1022 3131 1077 3185 eat.
1112 3125 1158 3186 De
1185 3127 1323 3187 formula:
1354 3149 1413 3208 quo

256 3231 336 3301 loco,
365 3247 423 3308 quo
445 3227 478 3284 in
498 3225 563 3285 loco
583 3247 630 3286 roe
650 3229 692 3286 ait
708 3225 756 3285 vel
776 3227 850 3296 sinc,
871 3231 903 3283 ut
922 3225 983 3284 Cic.
1004 3228 1043 3286 ad
1062 3227 1148 3292 Attio.
1165 3231 1197 3306 7,
1220 3231 1269 3293 16.
1291 3232 1414 3311 perepi-

255 3333 394 3402 ciarnno,
422 3349 481 3408 quo
503 3327 564 3388 loci
580 3331 621 3388 ait
638 3349 700 3405 reo,
730 3329 807 3388 conl.
828 3327 955 3386 Scltmid.
977 3327 1064 3387 adh.
1086 3327 1106 3390 l.
1126 3327 1218 3392 Dmlt.
1239 3335 1277 3392 cd
1296 3331 1359 3394 Liv.
1381 3337 1413 3412 2,

259 3586 422 3643 liberalitato
435 3583 527 3658 potius
542 3588 697 3642 sublevatos
711 3588 841 3656 devincit,
863 3586 961 3642 amicos
976 3587 1056 3658 parri
1070 3588 1191 3661 pandere
1208 3607 1241 3644 ao
1253 3608 1303 3662 pro
1318 3609 1350 3647 ra
1362 3610 1416 3648 non

259 3671 349 3744 magni
362 3671 444 3742 pretii
458 3671 586 3726 ducero.“
612 3673 744 3728 Prbootorc
763 3671 932 3743 „Amicorum
946 3690 1051 3727 annona
1063 3675 1157 3744 (bona,
1173 3676 1328 3744 facultates)
1339 3685 1418 3748 patet

262 3759 328 3816 viria
341 3756 429 3824 bonia,
446 3756 492 3809 ubi
507 3755 570 3826 quid
585 3755 638 3811 illio
654 3757 740 3815 decet.
762 3759 906 3813 Sententia
918 3756 1017 3828 igitur:
1034 3758 1088 3812 viri
1103 3761 1167 3814 boni
1182 3760 1259 3814 focile
1274 3763 1308 3815 ab
1325 3762 1417 3816 amicis

261 3846 405 3914 impetrant
419 3840 448 3895 id
462 3858 514 3912 quo
529 3851 621 3912 egent
624 3845 642 3874 ‘⁴
661 3841 700 3896 Et
713 3845 870 3898 sententiam
885 3851 995 3898 auctora
1009 3843 1137 3899 decennio
1153 3851 1181 3898 ot
1194 3847 1419 3901 constructionem

264 3930 362 4000 primur
376 3926 677 3997 expedintlocnbmeo
690 3933 817 4000 utsupra
829 3927 1013 3983 indicarimus.
1033 3931 1107 3984 Bane
1121 3937 1259 3984 vertemut
1272 3939 1418 4001 nostrates,

264 4022 296 4068 nt
309 4013 372 4066 Gor
387 4013 549 4101 rmus).
557 4013 705 4082 „Woltlieil
725 4015 819 4070 dolien
840 4013 884 4068 die
900 4014 1039 4070 nemu·
1030 4031 1065 4069 ιιι
1078 4015 1172 4084 Preio,
1190 4035 1269 4070 wenc
1283 4035 1313 4072 ea
1327 4020 1419 4072 Gutan

264 4096 471 4152 woroniobltf‘
502 4059 616 4160 Quoue
636 4117 716 4154 cauca
735 4101 1046 4172 nr.1ueotstt(p.26.)
1067 4055 1323 4172 oxpneiuo.„uin
1337 4103 1420 4156 Manu

266 4183 319 4238 wie
334 4179 432 4248 diener,
448 4180 485 4234 iat
497 4181 565 4236 auch
580 4185 665 4238 durch
677 4185 775 4240 loicluto
788 4185 900 4240 Dienate
915 4203 949 4240 ιιι
962 4187 1143 4256 gawinnenst
1164 4205 1182 4242 a
1194 4186 1332 4242 Drinum
1346 4193 1422 4240 note-

265 4275 320 4336 tur,
338 4267 366 4320 in
380 4271 505 4337 promptu
518 4275 570 4322 ent.

352 4361 384 4442 *)
400 4363 529 4420 Similiter
537 4367 708 4443 Dorlgloelioz
719 4369 785 4438 „Tu
795 4371 930 4424 dumtaxat
939 4369 967 4424 ln
978 4371 1146 4442 congerenda
1155 4367 1269 4441 pecunia
1278 4377 1424 4444 occnpntuo

270 4459 300 4507 ot
316 4451 527 4523 contamplnndia
545 4465 657 4510 mimo
678 4455 783 4509 arcanis
801 4455 865 4508 nibil
886 4454 956 4508 allud
977 4459 1098 4528 cogitm
1117 4471 1209 4510 rernm
1227 4471 1280 4510 uon
1294 4457 1346 4512 tibi
1360 4457 1425 4514 licet

269 4539 404 4609 igauna,
421 4555 490 4608 quae
504 4539 608 4595 militm
620 4540 797 4612 Belpubliou
812 4539 992 4610 mugertnw
