3472 5320
219 519 281 584 176
324 516 1251 586 comitumflon„L13.1.Eetsr.saxt.untm.
1292 514 1357 580 666

219 725 291 766 vous
306 725 417 786 ponrea
431 709 458 767 le
471 707 593 778 renrlre;
610 707 683 767 e'est
699 727 808 768 somme
824 709 922 784 disoit,
941 707 1049 766 n'eet·il
1066 725 1118 788 pes
1136 707 1195 768 urai
1213 725 1268 784 que
1285 725 1358 765 rous

220 829 258 870 ne
278 828 349 868 vous
369 810 494 869 aviseree
510 810 609 887 jamnis
631 810 667 870 rle
684 816 749 870 tuer
768 817 850 870 votre
870 805 1012 868 Eselarel
1032 829 1069 868 ou
1088 829 1159 869 vous
1179 809 1207 868 le
1222 809 1357 883 vendreu,

220 929 259 968 ou
278 931 349 968 vous
370 917 519 970 noureree
540 910 566 969 le
587 929 689 988 moyen
711 911 777 970 d’en
793 912 863 971 tirer
883 912 1002 990 quelque
1023 911 1134 972 ιιιίΙὶιιις
1155 918 1208 975 ete.
1239 909 1278 970 At
1292 908 1358 966 virle

221 1011 259 1072 de
277 1013 477 1072 enuntiationis
497 1013 719 1072 conforrnatione
739 1033 804 1072 enn.
824 1014 861 1072 ad
880 1017 911 1089 6,
929 1016 980 1078 28.
998 1015 1048 1076 29.

306 1111 339 1175 V.
363 1115 413 1178 70.
440 1116 505 1173 eine
518 1126 630 1194 pmret
652 1115 747 1174 &enee
769 1125 898 1196 oretque.
921 1116 1021 1174 Seneu.
1041 1113 1133 1193 Epist.
1155 1114 1205 1176 89.
1238 1111 1357 1188 Quoue-

223 1233 282 1292 que
299 1218 448 1275 muliones
469 1229 581 1276 vestm
598 1218 777 1295 parweis,
800 1237 837 1274 ne
856 1218 1084 1294 provinciarum
1104 1215 1224 1296 qreidem
1245 1216 1359 1273 satione

223 1320 353 1374 contenti
368 1318 605 1377 euoumeeribere
616 1320 809 1397 praediorum
826 1317 967 1377 mudum?
985 1351 1021 1364 -·
1037 1319 1107 1377 Hos
1120 1335 1236 1396 piaque
1247 1335 1358 1394 pne-rm

225 1429 280 1490 est,
296 1421 356 1478 nisi
374 1420 547 1499 latifundiis
569 1423 672 1479 νισιιιζι
692 1423 790 1480 mrsu
809 1423 957 1497 vinxistis,
979 1423 1039 1478 ιιίιὶ
1058 1431 1141 1478 vens
1160 1417 1357 1478 Hadrianum

223 1529 253 1577 et
274 1521 397 1580 lorrirem
416 1523 612 1602 Aegeumqree
632 1536 725 1583 vester
746 1523 866 1582 villicus
891 1533 995 1602 regini
1019 1529 1073 1582 etc.
1107 1521 1150 1581 ld.
1173 1519 1264 1598 Epist·
1286 1515 1357 1594 114,

224 1622 337 1699 Aspice
361 1634 434 1703 quot
462 1623 534 1683 locu
561 1637 691 1684 sumtu
716 1637 813 1696 sora,
835 1617 913 1705 'quoe
933 1625 1034 1694 mileu
1061 1623 1230 1682 soenorum
1257 1630 1357 1690 uene,

215 1723 352 1802 fidunt.
382 1725 454 1785 lbid.
479 1729 533 1804 87,
554 1727 585 1791 6.
619 1729 734 1788 Sallust.
755 1730 820 1788 cat.
841 1725 878 1806 4,
900 1730 930 1792 1.
961 1747 1070 1808 agrum
1091 1723 1211 1785 colendo
1231 1733 1287 1781 aut
1305 1741 1357 1780 ve-

223 1827 325 1884 nando
335 1868 345 1896 ,
364 1826 520 1885 servililnes
542 1829 645 1908 officiis
664 1833 829 1901 intentum,
846 1841 972 1888 aetatem
991 1849 1087 1908 agere.
1109 1825 1192 1887 Cunl.
1208 1826 1304 1905 Epod.
1324 1819 1357 1900 4,

227 1925 276 1990 13.
316 1927 396 1987 Pers.
422 1926 458 2005 4,
486 1933 536 1995 26.
579 1930 624 1992 De
651 1931 821 2010 agricultura
852 1949 905 2010 per
937 1947 1035 1988 servos
1066 1931 1141 1988 faeta
1169 1928 1246 1988 cont.
1272 1926 1356 2005 Lipe.

224 2025 313 2090 Elect.
338 2031 373 2103 2,
398 2031 447 2094 16.
474 2029 588 2110 Pignor.
610 2035 646 2092 de
666 2035 747 2098 Serv.
769 2055 799 2114 p.
827 2033 1021 2103 1293—983
1049 2031 1085 2088 de
1109 2028 1278 2114 erutoribus
1301 2029 1356 2087 illie

225 2129 337 2205 quidem
358 2139 388 2190 et
405 2134 557 2209 pecuariis
575 2135 672 2199 Burni.
694 2136 731 2194 de
752 2133 832 2195 Veet.
853 2135 886 2194 Ρ.
906 2135 943 2195 Β.
964 2133 995 2196 8.
1022 2131 1139 2210 (Palen.
1161 2131 1253 2206 Tlres.
1273 2131 1297 2190 1.
1324 2149 1356 2208 p.

224 2229 311 2306 9⁶2.)
331 2229 447 2300 liment,
467 2235 572 2314 Opuso.
594 2236 691 2314 philol.
707 2257 735 2316 p.
756 2238 776 2300 6
798 2255 862 2314 sqq.
882 2267 926 2280 -·
952 2236 987 2296 V.
1008 2237 1058 2297 71.
1083 2233 1220 2314 Naviget
1238 2253 1277 2290 aa
1294 2251 1357 2289 me·

224 2329 282 2388 diis
299 2330 406 2391 hiemu
426 2347 569 2395 sumator
590 2339 623 2398 in
642 2339 740 2398 undu.
783 2337 978 2416 lntelliguntur
997 2341 1047 2394 aut
1067 2336 1151 2413 servi,
1172 2335 1220 2411 qui
1239 2334 1358 2394 naribus

223 2430 353 2496 frumenti
375 2439 484 2516 copiam
506 2443 539 2500 er'
558 2443 726 2519 provinciis,
752 2441 920 2521 praesertim
940 2459 973 2499 ex
993 2438 1088 2496 Airioa
1112 2443 1142 2496 et
1162 2438 1293 2514 Aegypto
1313 2436 1358 2496 vel

224 2553 288 2593 cunr
314 2538 432 2598 dominis
449 2541 479 2618 *)
504 2544 562 2604 suis
589 2545 633 2602 rel
661 2541 714 2602 soli
742 2550 774 2602 ut
798 2545 872 2603 servi
895 2541 999 2620 publici
1023 2539 1144 2600 Romam
1169 2538 1358 2616 advehebant,

224 2641 273 2694 eut
292 2640 364 2697 servi
389 2641 429 2700 illi
450 2645 594 2704 erectionis
615 2645 716 2722 animi,
738 2663 790 2725 per
810 2665 880 2724 quoe
902 2650 1047 2702 serenes
1068 2649 1099 2700 et
1119 2640 1228 2718 equites
1247 2659 1357 2700 meroe·

223 2742 313 2796 turem
339 2741 434 2800 facere
457 2751 487 2802 et
507 2747 647 2823 negotiari
668 2747 813 2823 solebant,
839 2749 879 2806 uti
908 2745 1042 2805 observet
1060 2743 1160 2803 Beier.
1180 2744 1219 2802 ad
1240 2741 1300 2801 cie.
1321 2743 1358 2802 de

224 2837 284 2897 off.
305 2840 342 2916 1,
366 2838 418 2906 42.
445 2865 474 2922 p.
497 2848 567 2910 299.
608 2847 753 2908 Mercator
777 2851 863 2927 igitur
886 2867 945 2908 non
973 2853 1019 2906 est
1044 2847 1089 2904 uti
1113 2851 1274 2917 murator,
1303 2843 1358 2900 sed

224 2951 368 2999 mereator
388 2939 440 3008 ὄν.
468 2945 511 3005 lte
531 2965 643 3026 qnoque
660 2950 832 3028 interpretes
852 2956 995 3011 nostrates
1021 2947 1142 3009 Vossius
1148 2988 1160 3017 ‚
1181 2944 1359 3020 Paeoosiese,

224 3103 429 3116 ψ...-

225 3206 361 3277 quaelibet
374 3206 476 3278 flagitis
489 3219 609 3282 peretum
622 3231 688 3285 pree
700 3230 730 3267 ee
745 3212 849 3268 tereus:
860 3231 938 3286 quum
951 3221 1044 3268 eontra
1057 3211 1193 3268 virbonus
1204 3219 1233 3269 et
1241 3211 1358 3281 sepiem,

224 3291 282 3344 slve
295 3291 480 3366 philosophiae
494 3295 653 3366 innutritus,
672 3297 700 3352 id
715 3298 787 3369 quod
799 3316 892 3354 versus
907 3318 922 3354 ι
940 3300 1021 3353 tertio
1040 3299 1103 3352 inde
1118 3304 1148 3352 et
1161 3295 1357 3366 septuagesimo

222 3376 394 3448 insequentes
409 3381 521 3450 docent,
543 3401 636 3454 magno
656 3385 781 3454 elatoque
801 3383 885 3438 eninm
905 3386 1015 3439 humens
1036 3384 1121 3438 omnin
1144 3383 1218 3436 velut
1237 3381 1308 3435 inire
1328 3397 1358 3434 ιι

223 3461 313 3532 posite
326 3471 354 3516 et
367 3465 449 3518 vitani
462 3468 555 3538 ipsein,
570 3469 593 3521 ei
608 3486 651 3522 res
663 3470 703 3524 itu
717 3469 820 3539 tulerit,
835 3471 1009 3542 upemstne‘
1023 3475 1075 3526 ue
1097 3468 1186 3537 Magis
1200 3467 1229 3520 lu
1241 3475 1358 3523 nostran

223 3548 389 3617 mamutium,
404 3567 549 3624 quenquam
564 3571 656 3624 perun
669 3563 794 3610 eoearste
811 3557 994 3610 llolelrenuer.
1003 3555 1055 3626 (ΙΙ.
1066 3571 1092 3623 p·
1102 3553 1178 3623 602>
1198 3553 1299 3621 ,βαιοὶ
1312 3549 1360 3622 qui

225 3650 254 3690 se
267 3634 348 3688 luisse
362 3635 479 3692 dominer
491 3655 541 3709 psr
552 3639 592 3698 lee
607 3641 680 3696 eoine
694 3641 827 3712 grossiore
840 3641 874 3696 de
887 3641 913 3694 le
925 3643 1050 3708 surmus,
1069 3638 1216 3694 reeseuble
1231 3656 1265 3692 su
1279 3653 1358 3708 guer-

223 3718 278 3772 rier
292 3720 338 3791 qui
351 3720 415 3776 s'est
427 3723 508 3778 loisel
522 3726 664 3780 deserrner.
693 3725 732 3780 Le
746 3726 891 3797 euinqueur
901 3727 1035 3780 tuere-til
1050 3742 1098 3778 son
1111 3723 1222 3794 ceptivl
1236 3724 1305 3776 Non.
1318 3722 1359 3774 lie

226 3803 401 3860 reulus-till
422 3809 499 3876 Nou;
515 3809 533 3863 il
550 3829 583 3864 en
597 3811 648 3866 uit
661 3828 710 3865 son
724 3811 838 3866 eselnve.
868 3813 973 3866 Alloosl
995 3803 1149 3883 qu'eudurei
1166 3811 1182 3862 i
1199 3808 1226 3862 la
1243 3805 1322 3879 peine
1339 3805 1360 3858 il

224 3888 334 3946 laborm
347 3892 386 3945 les
401 3893 527 3966 ohenpe“
549 3905 601 3950 ets
632 3897 673 3950 De
694 3898 778 3950 verbo
800 3899 883 3952 dures
902 3897 973 3950 oonl.
989 3899 1021 3966 7,
1034 3896 1078 3950 91.
1099 3902 1129 3950 et
1147 3895 1216 3950 uss
1233 3894 1269 3947 sd
1284 3893 1357 3946 Flos.

226 3975 257 4042 2,
276 3974 307 4041 ³,
326 3971 354 4029 4.

307 4053 335 4126 *J
355 4063 396 4116 lte
412 4065 523 4118 Oreltiee
537 4083 658 4137 quoque,
674 4067 719 4138 qui
733 4067 822 4131 eluite
845 4067 926 4132 „Hos
939 4065 1007 4120 enirn
1021 4073 1064 4119 ιιι
1077 4081 1202 4118 maeones
1213 4062 1306 4134 pmte
1315 4091 1359 4104 -

224 4141 320 4194 Anne
340 4153 427 4200 auten
451 4151 526 4203 simul
548 4147 673 4224 ιίοωιιιᾳ
693 4151 828 4223 significet
853 4153 934 4206 etim
954 4153 1124 4220 ingenuorum
1143 4153 1319 4204 naamam
1343 4165 1360 4202 ι

224 4226 364 4282 servilibus
378 4231 475 4288 officiis
490 4233 542 4288 rlon
557 4236 635 4307 longe
650 4235 759 4291 distare.
772 4267 809 4278 -
826 4235 956 4306 Βῦιιιιι,
974 4255 1015 4291 nse
1031 4235 1150 4290 refutare
1162 4233 1222 4288 duur
1236 4239 1358 4302 conetur,

225 4314 354 4384 explicata
377 4315 416 4368 Er
434 4317 522 4373 troibe
538 4321 652 4376 drittene
674 4323 719 4376 die
736 4321 884 4377 Geeohiite
900 4322 947 4376 dee
967 4321 1165 4388 fleusktrvsn,
1188 4319 1359 4374 uersurum

225 4399 339 4452 Vorrath
354 4417 387 4454 zu
405 4419 517 4472 surgen,
541 4406 579 4458 els
599 4407 772 4462 Heuskneclrt
788 4406 917 4462 Getreide
937 4407 989 4460 und
1008 4407 1074 4460 elles
1089 4406 1209 4475 Nithige
1224 4403 1359 4459 herbous-

225 4482 341 4538 soteiien
359 4487 420 4541 hutz
435 4505 481 4540 vr.
494 4506 617 4546 monae
630 4494 712 4563 prosu
725 4497 772 4546 aut
785 4509 842 4548 eurr
859 4511 904 4545 vr.
918 4501 1006 4562 portet
1014 4499 1157 4562 frumenta
1169 4491 1235 4544 urire
1251 4491 1359 4546 conlun-
1446 4496 1448 4505 ’

225 4565 278 4634 dit,
294 4577 340 4624 ant
353 4590 462 4642 prorsus
476 4574 602 4627 transit.“
