3426 5334
264 525 326 590 213
426 525 590 590 aucuns.
614 523 1097 604 eunomianorum,
1123 529 1161 591 ro
1174 549 1237 608 sqq.
1340 521 1402 588 ool

230 1495 233 1500 Ι
351 1543 399 1614 H·
419 1541 502 1614 m.
537 1543 671 1638 nourr,
710 1541 778 1616 Viri
811 1543 885 1640 Ol,
925 1545 1083 1618 moure.
1116 1543 1159 1613 od
1192 1541 1311 1614 Horat.

626 1717 720 1808 epist.
745 1716 779 1808 1,
807 1716 875 1811 2⁰,
908 1717 955 1786 19
974 1739 1039 1808 sqq.

347 2021 391 2083 lle
417 2023 473 2084 boe
497 2021 560 2082 loco
590 2021 707 2081 indicari
731 2029 810 2083 recte
833 2044 891 2084 non
916 2029 1032 2104 potent,
1065 2024 1121 2082 nisi
1145 2020 1227 2081 simul
1256 2021 1294 2079 de
1315 2020 1404 2080 totius

260 2125 400 2204 epistolae
426 2129 594 2202 argumento
620 2124 789 2201 disputetur.
837 2125 998 2204 Alloquitur
1027 2124 1162 2184 Horatius
1194 2123 1294 2182 librum
1324 2119 1406 2198 quari

259 2245 378 2306 puerum
398 2227 474 2285 domi
493 2227 627 2285 nutritum
648 2230 679 2285 et
695 2243 794 2286 nevere
809 2226 901 2286 adhuc
918 2227 1104 2302 custoditum,
1124 2226 1180 2284 iam
1194 2243 1262 2284 vero
1276 2223 1407 2283 evolandi

260 2329 382 2388 edomo
408 2329 485 2388 etin
510 2313 651 2406 publicum
671 2329 830 2407 prodeundi
852 2330 992 2409 cupidum.
1044 2327 1089 2389 lle
1116 2328 1172 2388 dlio
1200 2345 1236 2386 an
1258 2327 1295 2387 de
1321 2345 1405 2386 servo

258 2437 345 2510 poeta
364 2429 511 2509 cogitarit,
536 2431 667 2510 quoniam
686 2431 715 2488 id
736 2433 799 2508 ipae
818 2430 910 2491 noluit
932 2437 1064 2492 accurate
1090 2429 1263 2509 significare,
1292 2435 1323 2488 ut
1349 2430 1405 2488 iani

259 2529 421 2592 antzerna
440 2531 591 2606 intellexit,
618 2553 674 2592 non
701 2533 784 2592 anxie
803 2535 1012 2611 quaerendum,
1038 2533 1223 2611 nequeenim
1243 2515 1403 2607 allegoriam

259 2635 389 2712 scripsit,
413 2635 465 2694 red
482 2633 549 2692 nihil
566 2633 620 2692 uiri
639 2635 761 2694 animam
780 2634 853 2695 libro
874 2635 1002 2696 attribuit
1020 2653 1227 2715 personamque
1252 2633 1328 2697 tacit.
1363 2634 1406 2690 lta

259 2735 332 2794 enim
354 2736 447 2794 omnia
468 2735 611 2814 exprimit,
632 2742 681 2814 nt,
708 2755 875 2817 quamquam
893 2737 1012 2798 hominia
1035 2739 1060 2797 ei
1081 2745 1177 2817 parter
1195 2735 1292 2794 tribuit
1315 2743 1344 2794 ct
1364 2729 1410 2792 lo-'

258 2829 408 2914 quentem,
437 2841 614 2914 gementem,
642 2839 793 2896 docentem
815 2856 878 2896 etun
904 2839 1027 2908 inducit,
1049 2843 1184 2915 appareat
1205 2845 1314 2909 tamen,
1341 2855 1405 2894 eum

258 2935 364 3014 alloqui
385 2935 501 3014 librum,
522 2956 578 2996 non
599 2937 750 3000 bominem.
785 2937 874 2998 blulto
892 2939 984 2998 miuus
1008 2939 1093 3014 igitur
1119 2937 1155 2996 de
1172 2939 1278 3016 dilogia
1295 2957 1312 2996 a
1330 2937 1406 2997 llar-

138 3071 143 3078 ·
259 3046 322 3098 tero
342 3039 477 3115 indagata
498 3039 697 3119 cogitandum,
721 3057 804 3118 qnam
825 3058 945 3119 prorsus
966 3039 1110 3116 iudignum
1132 3039 1252 3098 Horatio
1274 3057 1339 3100 eree
1359 3043 1406 3118 ju-

257 3141 323 3201 dico
338 3139 386 3217 qui
406 3141 536 3218 proiecto
549 3159 607 3200 non
621 3147 678 3199 tam
696 3139 837 3200 humiliter
849 3141 886 3200 de
899 3139 971 3199 libro
990 3159 1041 3199 cuo
1056 3140 1161 3215 renuit,
1182 3145 1214 3199 at
1227 3146 1291 3199 cdtu
1308 3137 1404 3200 coorto

257 3261 320 3302 eum
340 3249 526 3321 compararet.
564 3239 671 3301 lucitus
692 3241 822 3321 quidem,
843 3250 874 3303 ut
894 3243 1008 3302 dimittit
1028 3250 1121 3300 tamen
1150 3241 1287 3302 Horatius
1305 3242 1406 3301 librum

257 3345 297 3416 (v.
313 3343 358 3424 5),
377 3343 445 3421 red,
465 3349 599 3420 tanquam
617 3362 706 3422 augur
723 3344 767 3422 (ν.
780 3346 830 3423 9),
850 3345 992 3405 fortunam
1010 3345 1035 3404 ei
1053 3345 1202 3419 miseram,
1225 3365 1281 3423 qua
1302 3365 1405 3406 usurus
1475 3407 1479 3414 ,

257 3447 311 3524 ait,
332 3447 487 3524 praedicit,
514 3446 674 3523 significans
694 3447 748 3505 bac
768 3448 892 3522 ratione,
918 3465 965 3523 se,
986 3465 1153 3525 quamquam
1174 3447 1275 3507 librum
1294 3449 1324 3507 in
1344 3447 1407 3508 val-

257 3567 312 3626 gua
334 3549 462 3624 emittat,
482 3553 575 3606 tamen
594 3567 652 3607 non
673 3555 730 3608 tarn
750 3567 853 3608 vanum
873 3568 953 3626 erae,
975 3555 1007 3608 ut
1026 3549 1153 3610 omnibus
1171 3549 1248 3609 illum
1268 3549 1405 3610 Romanis

257 3669 292 3710 ac
312 3667 424 3729 semper
440 3647 604 3728 placiturum
626 3666 691 3710 ease
716 3657 822 3731 speret.
862 3651 926 3710 Jaru
945 3668 1035 3728 usque
1055 3651 1091 3710 ed
1112 3643 1227 3712 versum
1247 3653 1286 3715 18
1304 3655 1406 3730 aperta

255 3753 370 3830 quidem
392 3752 484 3810 omnia
505 3756 534 3810 et
554 3751 631 3811 clara
649 3759 730 3829 eunt,
750 3755 843 3813 minua
862 3761 958 3814 tamen
971 3751 1166 3832 manifestum,
1187 3753 1277 3813 altera
1298 3753 1406 3830 episto-

256 3852 300 3912 lae
319 3873 386 3932 pars
408 3849 439 3928 (a
458 3853 543 3917 v.1e
563 3871 655 3931 usque
674 3854 711 3912 ad
729 3855 792 3934 dn.)
812 3856 968 3933 quomodo
984 3875 1044 3916 cum
1065 3858 1160 3936 priore
1175 3855 1334 3914 cohaereat.
1366 3853 1407 3912 Et

257 3950 419 4014 llirntaerne
440 3955 553 4034 quidem
573 3951 725 4014 Horatium
748 3956 814 4014 inde
835 3975 853 4015 a
873 3975 901 4020 v.
922 3939 963 4019 19
984 3959 1022 4016 ad
1043 3959 1150 4016 amicos
1176 3961 1205 4015 et
1225 3954 1351 4014 fautores
1373 3973 1405 4014 se

257 4063 422 4116 convertere
446 4047 545 4140 putot,
573 4059 614 4117 ita
638 4063 671 4115 ut
691 4055 801 4114 duabus
820 4057 866 4117 ille
885 4057 1023 4137 epistolae
1042 4056 1171 4137 partibus
1192 4052 1350 4133 significet,
1373 4075 1405 4114 ee

256 4155 341 4235 vulgo
368 4147 481 4235 quidem
511 4159 574 4218 rudi
598 4165 684 4237 etque
710 4157 838 4238 intpolito
863 4159 1085 4239 displiciturum,
1119 4163 1220 4220 contra
1246 4157 1426 4228 bominibus,

256 4258 474 4337 elegantioribus
497 4267 526 4320 et
549 4261 663 4338 iugenio
685 4262 871 4341 doctrinaque
891 4261 1103 4340 praestantibus
1124 4261 1297 4340 placiturum.
1343 4259 1406 4320 Ne·

255 4381 311 4438 que
332 4367 427 4421 tamen
445 4361 516 4421 haec
536 4359 674 4422 Dirutzeri
701 4362 841 4422 sententia
860 4361 927 4420 milri
947 4363 1093 4441 probatur.
1133 4363 1256 4422 Primum
1278 4363 1350 4422 euim
1370 4379 1406 4420 ue

255 4481 310 4524 nno
338 4463 451 4542 (pridem
479 4464 568 4523 verbo
584 4463 739 4544 ,significat
759 4465 914 4538 Horatius,
940 4461 984 4522 hu
1011 4465 1124 4543 quidem
1149 4465 1279 4524 versibus
1308 4458 1340 4522 se
1369 4465 1406 4523 de

86 4645 92 4652 ἠ
187 4566 194 4572 ’
255 4565 590 4644 mutuantibus,
611 4570 696 4626 antee
716 4568 753 4627 de
774 4567 859 4644 vulgo
878 4566 1021 4626 bominum
1042 4564 1135 4643 loqui,
1156 4566 1261 4626 deinde
1281 4585 1348 4624 vero
1370 4585 1407 4624 ue
