3480 5338
370 508 435 574 tlt
466 506 675 572 contradi.
691 507 734 568 ΙΝ
747 505 971 568 noa.Lta.1.
1000 505 1124 568 EPIST.
1138 504 1443 574 uuouavlcssns.
1474 507 1515 570 ⁶8

369 683 415 760 jas
435 682 550 759 generis
571 681 645 739 ritae
664 679 785 738 fortasse
802 677 885 738 nimis
902 675 1033 755 cupidum
1053 674 1195 754 nimisque
1211 676 1359 734 commode
1378 674 1433 733 sibi
1448 673 1515 732 inde

371 782 606 862 promittentem“
629 779 743 840 iaciunt.
781 779 826 838 Ex
846 777 976 857 Epistola
995 777 1109 856 quidem
1138 779 1184 836 rix
1210 777 1268 836 tale
1288 777 1356 855 quid
1385 775 1513 836 extrices.

454 881 578 942 Lollium
595 881 713 940 eundem
733 899 816 958 esse,
838 881 882 940 cui
900 881 969 940 Hor.
984 879 1160 958 inscripserit
1174 878 1332 958 Epistulam
1351 877 1513 950 secundem,

371 1003 429 1044 nun
449 984 531 1042 secile
551 985 700 1061 quisquam
725 982 812 1040 hodie
837 981 942 1040 infitias
968 980 1031 1040 ibit.
1072 980 1141 1039 Fuit
1161 978 1247 1056 igitur
1267 981 1341 1040 filius
1368 979 1408 1038 lli.
1429 975 1514 1062 Lollii

371 1105 428 1145 uua
447 1105 509 1144 cum
530 1085 566 1154 Q.
589 1083 689 1144 Aemil.
711 1082 825 1162 Lepido
845 1099 872 1142 a.
891 1083 963 1146 763.
982 1082 1112 1142 consulis
1141 1081 1317 1160 interpretes
1335 1087 1446 1140 veteres
1466 1098 1514 1138 us·

371 1207 427 1264 qne
447 1185 483 1244 ud
504 1185 611 1244 Nuriaii
631 1191 755 1244 aetatem
781 1183 873 1261 iprum
898 1191 1024 1263 patrem,
1055 1186 1075 1251 i.
1101 1204 1128 1245 e.
1148 1185 1236 1242 riruru
1264 1182 1441 1243 consularem
1468 1180 1513 1238 hic

371 1307 484 1365 qnoque
502 1287 620 1362 intelligi
640 1286 799 1346 voluerunt.
846 1285 942 1354 Quam
963 1307 1021 1346 non
1041 1287 1079 1346 sit
1099 1291 1167 1364 apta
1187 1304 1282 1344 rerum
1305 1285 1460 1343 conditioni
1481 1299 1514 1340 ee

370 1390 527 1464 sententie,
558 1387 673 1448 uberius
693 1392 723 1446 et
742 1384 852 1464 plenius
873 1387 910 1444 ad
933 1385 1026 1466 Epist.
1052 1389 1082 1463 1,
1104 1391 1133 1452 2.
1159 1407 1188 1465 p.
1213 1387 1273 1448 130
1291 1403 1355 1462 sqq.
1376 1382 1514 1442 iudiceri-

371 1511 442 1554 mus.
484 1490 637 1550 observari
663 1495 756 1548 autem
777 1488 860 1564 licet,
887 1495 916 1547 et
935 1489 965 1548 iu
986 1488 1038 1546 lieu
1060 1495 1089 1546 et
1111 1487 1282 1548 insecundo
1302 1485 1514 1566 Epistola'tan-

370 1600 428 1652 tern
448 1611 512 1652 esse
532 1597 748 1670 praeceptorum
774 1589 932 1648 absentem
961 1591 1196 1667 varietatemque,
1231 1593 1336 1668 quanta
1361 1588 1390 1646 in
1412 1585 1513 1645 ueteris

370 1695 508 1774 Epistulis'
526 1712 584 1752 noa
600 1693 774 1770 reperiatur,
796 1700 826 1748 nt
844 1690 927 1767 liujus
944 1691 984 1748 rei
1006 1709 1107 1766 causa,
1127 1709 1212 1768 quem
1230 1689 1414 1750 mansuetem
1431 1705 1514 1746 nemu

369 1815 455 1854 sanus
475 1794 651 1874 opinabitur,
672 1793 754 1852 altius
775 1792 932 1871 repetenda
952 1791 1041 1851 videri
1061 1793 1164 1870 possit.
1201 1791 1243 1852 Ac
1262 1811 1298 1850 ne
1317 1793 1347 1850 iu
1360 1809 1451 1848 meum
1469 1789 1514 1866 ip-

370 1899 430 1958 sius
451 1916 572 1958 messem
591 1897 779 1956 incucurrisse
795 1911 950 1970 coarguat,
975 1891 1097 1954 lectores
1113 1895 1150 1952 ad
1172 1895 1377 1954 enarrationem
1396 1892 1514 1971 Epistu-

371 2001 416 2060 lee
443 1998 627 2076 secundae*)
658 1997 809 2074 ablegandi
841 1999 916 2056 sunt.
969 1994 1080 2063 Quodsi
1108 1995 1232 2054 nonnulli
1265 1997 1450 2073 interpretes,
1483 1999 1513 2050 nt

369 2099 558 2171 Lumburus,
580 2099 755 2172 Bentlejus,
779 2097 983 2166 Sapadenses,
1005 2095 1079 2171 Fra,
1102 2098 1236 2168 zeum,
1256 2105 1406 2175 pauonum
1425 2095 1513 2170 illum,

369 2221 452 2281 quem
474 2202 593 2279 elegerit
612 2200 739 2277 Lollius,
766 2198 913 2258 Tiberium
940 2199 1116 2276 intelligunt,
1142 2218 1203 2257 enm
1229 2199 1400 2257 senteutiam
1421 2215 1513 2273 neque

369 2304 510 2364 affirmare
530 2321 624 2380 neque
643 2320 749 2380 aegere
769 2302 798 2360 iu
819 2302 913 2360 animo
930 2307 991 2378 est,
1012 2303 1134 2360 modone
1154 2319 1221 2361 sune
1242 2301 1383 2382 opinionis
1404 2297 1514 2378 praesi-

369 2505 541 2562 werbenand
554 2507 672 2562 donared
687 2525 719 2562 sn
730 2508 878 2562 erhelten.“
908 2506 962 2561 Alii
982 2507 1075 2574 sliter,
1097 2523 1205 2577 quornm
1223 2505 1369 2560 sententiae
1383 2505 1454 2559 idem
1468 2523 1511 2558 re·

369 2602 461 2648 censet
477 2611 504 2663 p.
518 2595 655 2666 486sqq.,
675 2594 722 2647 sed
741 2605 851 2665 praeter
869 2600 974 2646 ceteros
989 2591 1088 2647 videsis
1106 2609 1174 2662 qnae
1196 2593 1230 2646 de
1249 2591 1327 2646 bullii
1346 2591 1464 2645 nuribus
1485 2597 1513 2644 et

368 2677 502 2732 sentiendi
516 2677 619 2732 ratione
635 2679 802 2748 disputarunt
818 2677 981 2732 W'seluudius
996 2684 1024 2731 et
1044 2677 1234 2746 Haterseldus,
1250 2676 1403 2748 quibuscum
1420 2674 1513 2730 conler

367 2761 533 2818 Drinumm
547 2782 574 2833 p.
594 2759 707 2830 489.*)=
727 2763 839 2832 „Eiueu
854 2763 968 2829 reuben,
990 2772 1075 2816 etwas
1090 2761 1186 2816 wildeu
1199 2764 1300 2832 junqen
1316 2763 1398 2816 ltleun
1413 2791 1455 2802 -
1470 2789 1513 2804 -

367 2848 471 2902 idunan
488 2848 539 2901 wir
552 2865 652 2902 uns-
669 2876 705 2890 --
718 2851 793 2903 nicht
808 2849 931 2904 dsnlcen“
946 2857 999 2902 stu.

450 2931 479 3002 l)
494 2933 535 2986 lbi
550 2934 680 3005 singna
693 2927 734 3007 (p.
751 2935 816 3004 tau)
831 2933 903 2988 sulus
916 2931 988 2988 inter
997 2931 1115 2986 homiues
1126 2933 1204 3002 lrujns
1215 2933 1313 2986 cautis
1324 2931 1511 2999 videturesse,

367 3017 412 3088 qni
427 3017 541 3072 Lollium
554 3019 698 3072 consuleris
711 3021 794 3074 filium
807 3020 889 3074 tuisse
905 3026 1001 3088 neget,
1017 3019 1063 3072 sed
1080 3035 1166 3089 neque
1180 3016 1256 3085 milri,
1275 3033 1361 3086 neque
1377 3015 1436 3070 aliis
1451 3033 1512 3084 per-

366 3105 459 3158 suasit.
496 3103 599 3166 Quodsi
612 3120 646 3156 ex
663 3104 751 3158 Lollia
760 3105 895 3174 Paullina,
913 3102 1059 3157 consularis
1073 3101 1161 3174 nepti,
1182 3119 1325 3172 cognomen
1337 3101 1454 3155 Paullisi
1466 3119 1513 3172 up·

367 3189 430 3241 timu
446 3189 507 3256 jure
521 3187 584 3242 mihi
597 3189 692 3242 videor
711 3189 888 3256 conclusisse,
904 3197 1071 3258 argumente,
1092 3189 1187 3258 quibus
1210 3188 1245 3242 sd
1267 3187 1430 3240 refutandam
1447 3188 1513 3239 hene

366 3273 522 3326 seumntism
539 3289 601 3326 neus
615 3282 657 3326 est
675 3275 819 3346 Stangs'ue,
837 3293 869 3328 es
886 3283 964 3342 sunt,
980 3291 1047 3345 quae
1062 3273 1141 3327 lacile
1154 3273 1328 3343 sneipsoram
1342 3279 1435 3325 nature
1450 3287 1514 3325 con·

367 3357 467 3412 uidunt.
499 3357 624 3411 Feminae
640 3359 708 3412 euim
722 3369 821 3430 nuptae
838 3375 982 3430 quanquam
994 3357 1116 3414 familiam
1130 3364 1311 3426 mutarerunt,
1331 3366 1416 3411 tenen
1430 3355 1513 3410 nomi·

366 3443 444 3497 nibus
457 3439 565 3512 iisdem,
580 3442 674 3514 quibus
693 3451 770 3510 nuta,
786 3445 877 3499 vuueri
895 3444 990 3498 solitae
1008 3451 1070 3499 sunt
1083 3443 1175 3498 addite
1189 3449 1304 3508 moun,
1320 3443 1344 3498 si
1357 3443 1448 3510 libuit,
1463 3459 1512 3511 ge·

365 3527 476 3581 uerendi
494 3545 557 3582 casn
574 3527 678 3582 nurnine
694 3529 798 3598 meriti,
813 3537 844 3582 nt
861 3529 987 3583 Cornelia
1001 3531 1131 3596 Gracchi,
1153 3529 1257 3584 Marcis
1275 3527 1402 3596 Cutuah,
1416 3525 1514 3582 Porcia

365 3611 456 3678 Bruti,
470 3612 550 3667 Arsia
562 3613 640 3668 Paeti
654 3621 682 3666 et
696 3613 806 3678 similia,
822 3615 855 3668 de
870 3613 965 3685 quibus
980 3614 1098 3683 disputat
1112 3615 1156 3668 Ju.
1170 3617 1218 3668 Fr.
1234 3615 1359 3670 ossum
1372 3613 1399 3666 ia
1415 3613 1508 3667 Nuctt.

364 3699 489 3752 Academ.
506 3699 588 3752 Obss.
604 3698 705 3751 lllilll.
720 3717 749 3770 p.
765 3701 835 3766 277„
852 3709 883 3753 at
897 3699 991 3767 mirer,
1010 3701 1134 3754 Orells'm
1151 3715 1255 3770 quoque
1271 3715 1414 3768 cognomen
1429 3699 1510 3752 aas·

364 3782 412 3835 lini
425 3801 475 3853 pru
490 3783 592 3837 incerto
609 3782 724 3852 hebere,
743 3783 799 3840 vid.
820 3786 905 3854 ejusd.
925 3785 995 3838 Exc-
1015 3785 1049 3838 ad
1065 3784 1117 3840 0d.
1135 3781 1161 3853 4,
1175 3786 1202 3838 9.
1222 3803 1250 3856 p.
1265 3785 1326 3840 576.
1340 3784 1384 3838 ed.
1400 3781 1509 3837 secund.

365 3870 490 3922 Ceterum
504 3868 591 3922 Lollio
606 3869 697 3938 plures
714 3870 811 3923 frames
827 3871 924 3935 samse,
937 3887 971 3924 ex
986 3870 1082 3943 quibus
1096 3887 1162 3925 unus
1179 3870 1283 3940 quidem
1297 3885 1324 3922 v.
1342 3869 1386 3926 68.
1401 3885 1509 3922 mnne·

364 3960 494 4020 moretur,
509 3970 542 4006 ex
556 3954 664 4022 adjectu
675 3956 760 4008 verbu
771 3957 904 4024 „seme
918 3955 1004 4008 meu*
1022 3954 1094 4008 ellici
1104 3955 1225 4021 ridetur,
1241 3953 1291 4009 nisi
1302 3953 1346 4008 liic
1356 3972 1389 4009 ea
1404 3953 1508 4008 dioeudi

364 4037 527 4093 cumuetudu
541 4039 629 4104 velet,
644 4053 696 4110 que
708 4041 843 4096 semus
860 4041 894 4094 de
914 4039 1018 4094 dnobus
1031 4039 1105 4109 (hiv-
1122 4043 1146 4108 1,
1160 4040 1187 4108 3,
1203 4044 1244 4096 lu.
1262 4041 1377 4094 Terent.
1394 4039 1509 4108 Adelph.

364 4122 390 4190 5,
404 4119 423 4176 4
437 4122 496 4192 (2),
511 4121 575 4198 27),
589 4124 629 4176 nti
641 4124 802 4196 prirnmpru
822 4123 929 4196 priore,
944 4123 1000 4193 quis
1013 4142 1062 4195 pru
1081 4131 1142 4179 utro
1157 4133 1186 4179 et
1206 4125 1301 4180 sinilia
1317 4124 1458 4192 dicuntur,
1475 4121 1510 4176 de

364 4209 459 4279 quibus
474 4209 544 4262 conl.
559 4208 645 4264 Helm.
660 4209 694 4264 sd
713 4209 772 4264 eie.
790 4226 832 4279 pr.
854 4205 1043 4274 86661244.
1062 4211 1149 4280 Seyff.
1165 4211 1201 4264 ad
1218 4210 1276 4266 Cic.
1295 4211 1371 4264 Lael.
1386 4211 1427 4276 26,
1446 4210 1509 4265 10⁰.

363 4293 446 4348 Febr.
461 4294 495 4346 ad
509 4291 571 4348 niv.
588 4297 631 4362 21,
644 4294 688 4362 39,
705 4296 733 4350 6.
748 4294 863 4365 Rupert.
878 4297 910 4350 ad
923 4296 991 4349 Teu.
1008 4295 1099 4363 Agris.
1111 4291 1156 4364 ³4,
1173 4299 1198 4351 2.
1213 4297 1319 4352 Welck.
1335 4297 1369 4349 ad
1382 4293 1506 4364 Theogn.

363 4374 423 4434 246.
438 4395 466 4448 p.
481 4379 525 4434 97.
539 4378 627 4433 lludd.
639 4379 677 4432 11.
692 4395 720 4448 p.
731 4377 775 4434 65.
790 4382 827 4434 Ν.
842 4381 886 4435 61.
901 4381 1049 4450 Epitheton
1061 4381 1145 4452 igitar
1158 4397 1236 4450 quam
1248 4383 1284 4438 ed
1298 4377 1410 4436 amun
1425 4377 1510 4448 signi-

363 4462 492 4518 ficandam
505 4461 628 4534 fflorbtg.
643 4465 678 4517 sd
692 4461 768 4535 Virq.
783 4465 843 4520 Ecl.
856 4465 882 4534 5,
893 4461 920 4521 4.
937 4465 1019 4520 Febr.
1033 4469 1068 4522 ud
1080 4466 1141 4522 Lis.
1153 4466 1196 4533 23,
1207 4467 1251 4536 30,
1268 4467 1340 4536 11.),
1355 4472 1410 4518 tam
1425 4464 1507 4520 bouu-

363 4547 402 4600 ris
414 4563 493 4602 caess
507 4548 624 4604 rodun
637 4548 753 4620 putabis.
