3512 5324
257 545 298 610 86
340 541 551 604 countENT.
566 543 608 602 ΙΝ
623 539 801 606 nonus.
813 542 835 600 l.
866 541 987 602 EPIST.
1006 544 1142 613 QUINT.
1160 545 1291 608 unuln.
1312 543 1395 620 ⁴2⁴15

258 733 286 790 iu
308 729 544 810 „Morgeubtnt“
567 729 659 794 1831·
680 749 709 808 p·
731 729 803 792 358.
826 763 863 774 -
887 729 922 788 V·
946 734 974 795 2.
998 731 1097 809 qualis
1119 733 1168 790 νὶα
1177 775 1189 803 ,
1210 735 1229 789 i.
1251 754 1276 792 e.
1299 735 1396 813 „sale-

257 831 379 892 brosane
398 851 435 891 uu
450 850 570 911 aspera,
591 813 630 890 an'
646 849 739 907 aequa
759 838 789 890 et
803 832 921 910 plana.“
964 831 1069 892 Piscat.

340 935 375 992 V.
395 934 426 997 8.
447 933 634 1011 midiBajaa
648 933 744 990 Musa
760 949 962 1010 supervacuae
983 943 1038 994 etc.
1055 914 1214 996 Sententia:
1233 935 1397 1013 „Antonius

258 1033 342 1094 Musa
363 1036 399 1094 ab
427 1039 508 1113 equis
532 1035 628 1094 calidis
649 1039 679 1092 et
699 1034 851 1092 sudatoriis
866 1032 981 1111 Bajauis
1010 1043 1108 1115 utpote
1132 1038 1198 1098 mibi
1220 1039 1399 1116 inutilibus*)

258 1154 303 1195 me
315 1135 489 1198 dehortatur.
511 1140 576 1208 Qua
589 1137 704 1210 quidem
717 1155 749 1192 re
761 1154 806 1193 me
821 1135 933 1212 flajania
944 1139 1070 1214 quamvis
1084 1139 1253 1200 immeritum
1265 1140 1397 1220 (Quintil.
1427 1161 1429 1166 ·
1532 1137 1533 1142 ’

257 1238 327 1296 lust.
350 1239 388 1316 3,
413 1243 450 1317 7,
474 1238 538 1316 19.)
566 1239 634 1296 facit
660 1235 788 1294 invisum.
829 1235 934 1312 Neque
962 1240 1023 1298 sine
1051 1259 1136 1299 causa
1164 1242 1204 1300 illi
1232 1249 1396 1320 queruntur,

260 1344 401 1400 contemni
417 1343 476 1418 jam
497 1361 531 1400 ac
551 1339 669 1415 relinqui
697 1335 798 1394 balnea
825 1354 891 1412 sua,
917 1337 1070 1419 propterea
1090 1341 1172 1419 quo'd·
1190 1364 1225 1402 ex
1250 1344 1323 1404 illius
1337 1364 1397 1404 me·

258 1442 311 1500 dici
331 1451 486 1523 praecepto
507 1444 617 1520 aegroti
634 1459 723 1516 aquas
744 1437 853 1514 gelidas
872 1451 1009 1514 quaerunt
1028 1451 1057 1502 et
1078 1443 1186 1504 coelum
1201 1445 1330 1521 frigidius
1345 1465 1396 1524 pe-

257 1547 351 1602 taut“
393 1546 481 1616 Quod
502 1550 596 1604 autem
616 1541 695 1598 addit
710 1557 767 1616 per
786 1539 915 1598 medium
924 1543 1027 1622 frigus
1044 1553 1106 1622 est,
1129 1553 1160 1605 ut
1175 1547 1308 1604 iuvidiam
1321 1546 1397 1605 illam

258 1648 339 1723 quasi
360 1648 496 1725 repellat,
525 1663 611 1722 quum
633 1649 662 1701 et
682 1644 744 1720 ipse
764 1661 798 1700 eo
819 1643 884 1700 anui
905 1649 1048 1724 tempore,
1080 1667 1136 1725 quo
1157 1648 1267 1725 aegroti
1288 1646 1396 1707 balneis

256 1767 359 1826 eorpus
380 1745 602 1807 demulcentibus
625 1745 663 1802 ub'
691 1745 889 1802 consueverint
922 1741 964 1826 (v.
988 1745 1102 1828 supra),
1133 1748 1227 1826 gelida
1253 1749 1397 1809 horrorem

247 1851 350 1908 ciente
370 1849 542 1929 perluendas
558 1849 604 1906 sit.
648 1844 776 1907 Perluor
794 1847 880 1923 igitur
900 1848 936 1906 de
957 1867 1006 1925 re,
1026 1867 1099 1927 quae
1120 1855 1199 1908 certo
1221 1849 1314 1909 futura
1336 1855 1397 1920 est3

256 1957 432 2031 quapropter
452 1970 516 2009 cum
536 1950 597 2007 aliis
617 1966 686 2006 cave
706 1947 848 2026 intelligas
868 1957 1047 2027 praesentem
1069 1949 1251 2028 frigidarum,
1272 1957 1304 2009 ut
1330 1951 1397 2010 Ga-

258 2050 414 2126 binorum,
436 2048 483 2130 qui
500 2051 544 2108 hic
564 2047 657 2108 nullus
678 2058 740 2126 est,
764 2069 852 2109 usum.
895 2051 973 2110 Num
992 2051 1022 2108 in
1042 2051 1086 2109 his
1104 2052 1216 2128 verbis,
1237 2055 1315 2130 quod
1334 2055 1397 2130 qui-

257 2154 323 2211 dem
346 2155 506 2230 suspicatur
527 2150 698 2209 Paldumue
721 2151 754 2228 (l.
782 2150 800 2210 l.
829 2171 857 2230 p.
881 2153 943 2232 9.),
970 2153 1041 2212 leuis
1070 2154 1139 2214 insit
1162 2155 1255 2213 irrisio
1281 2155 1396 2230 furoris,

257 2273 313 2331 quo
335 2255 457 2314 Romani
478 2253 638 2314 Antoniana
654 2253 788 2312 medendi
808 2255 918 2312 ratione
939 2256 983 2313 usi
1004 2256 1077 2332 sint,
1097 2258 1226 2335 equidem
1248 2239 1396 2315 dubitave-

255 2355 317 2419 rim.
360 2356 399 2415 At
419 2357 475 2414 diei
495 2357 541 2416 vix
561 2361 674 2434 potest,
696 2375 780 2432 quam
800 2375 857 2415 uon
878 2355 908 2413 in
928 2356 982 2416 hec
1002 2359 1065 2416 loco
1086 2357 1140 2416 eibi
1161 2363 1293 2418 constent
1308 2361 1396 2417 inter-

254 2463 425 2536 pretes„ut
452 2455 642 2527 Lambinus,
681 2457 849 2536 Circquiua,
877 2457 1044 2537 Damius,
1071 2458 1294 2538 Haberseldus,
1323 2479 1395 2537 quos

255 2559 384 2622 refellere
404 2559 509 2620 taedet.
551 2563 641 2621 Recte
659 2559 856 2619 Sanodonus:
877 2561 983 2636 „ineo
1005 2581 1079 2638 sum,
1095 2569 1128 2620 ut
1144 2563 1290 2641 perluar.“
1335 2561 1395 2620 ble-

254 2673 365 2724 moratu
386 2669 479 2722 autem
508 2664 593 2742 dignu
620 2669 666 2721 est
692 2661 877 2722 scholiastae*
896 2663 1012 2741 Cruquii
1039 2665 1199 2724 annotatio:
1232 2662 1394 2741 „Antonius

255 2765 337 2824 Musa
356 2765 531 2842 aegritudine
550 2765 783 2841 Augustiartem
800 2783 879 2822 suam
905 2762 1072 2835 illustravit3
1097 2784 1161 2824 uam
1190 2785 1273 2843 quum
1296 2765 1396 2823 dolore

255 2866 400 2926 arthritico
414 2865 557 2924 laboraret
571 2874 601 2924 et
615 2865 653 2922 ad
668 2883 803 2924 summam
816 2864 933 2923 maciem
946 2865 1103 2943 perductus
1117 2873 1212 2940 esset,
1227 2859 1395 2940 emente**)

338 3071 368 3138 ¹)
383 3072 454 3126 lllire
465 3069 573 3124 Romu
592 3077 655 3140 post
676 3087 704 3124 r.
721 3087 897 3139 mpnuneuus
916 3086 949 3121 ex
964 3087 990 3122 v.
1006 3069 1049 3124 25.
1069 3068 1184 3140 intelligi
1198 3071 1277 3139 jubet
1297 3068 1393 3135 scribit,

256 3173 333 3228 quum
347 3159 457 3210 verbum
476 3154 624 3227 proximum
637 3157 708 3225 fucit
722 3154 793 3207 illum
808 3153 914 3224 ellipsin
929 3170 1120 3225 supervacuam
1134 3156 1244 3222 reddat,
1263 3151 1313 3208 uisi
1336 3147 1393 3206 cum

255 3243 390 3297 Duintscro
410 3242 499 3296 dicere
521 3242 619 3308 mavis,
642 3240 713 3294 illam
735 3238 841 3308 ellipsin
862 3257 895 3291 ex
914 3257 986 3292 more
1009 3249 1212 3310 praeceptorum
1232 3239 1392 3293 medicorum

253 3327 427 3398 repetendam
438 3327 533 3380 sideri.
559 3328 630 3380 idem
645 3326 762 3395 explicat
777 3341 803 3378 v.
816 3324 842 3378 5.
856 3341 936 3392 sune,
953 3325 1024 3396 quod
1035 3326 1125 3378 Sobel.
1137 3328 1219 3396 Cruq.
1230 3343 1280 3396 pro
1296 3327 1393 3392 „ualde

255 3413 349 3479 babet,
366 3419 396 3465 ut
410 3411 475 3466 Sall.
491 3411 765 3466 budoanensem:
789 3408 961 3481 „Wirkticu
978 3409 1011 3463 im
1026 3411 1168 3479 Ernate,“
1191 3412 1262 3483 quod
1277 3427 1328 3463 non
1345 3410 1393 3464 im-

252 3496 416 3569 probandum
432 3498 549 3551 videtur.

337 3581 380 3651 **)
405 3585 460 3637 Pro
478 3582 574 3636 Amilie
595 3589 669 3635 recte
689 3579 830 3650 scripsisse
843 3579 967 3634 videntur
987 3581 1133 3634 Sabmidiua
1153 3585 1181 3635 et
1205 3581 1391 3638 Wulckenuer.

254 3668 378 3736 Aemilio,
400 3668 451 3722 nisi
466 3668 525 3737 quis
540 3683 573 3719 ex
587 3667 675 3720 Plinio
690 3667 751 3734 (19,
766 3667 793 3718 8.
807 3663 890 3718 Diuus
903 3673 972 3721 certe
985 3669 1123 3736 Augustus
1137 3667 1242 3720 lactuca
1254 3683 1392 3720 conservu-

255 3763 296 3808 tns
309 3754 336 3806 in
356 3752 523 3825 aegritudine
535 3757 628 3820 sertus
639 3741 892 3822 prandentis-Murus
904 3750 1008 3817 medici,
1028 3767 1108 3818 wem
1119 3738 1214 3821 prioril
1229 3751 1337 3805 camel&
1350 3768 1390 3802 re-

255 3838 319 3908 ligio
333 3839 414 3891 nimiu
423 3857 482 3892 eum
493 3839 618 3908 negaret)
634 3833 688 3907 legi
702 3835 814 3890 mavult:
835 3835 958 3888 Cornelio.
980 3838 1006 3888 ls
1022 3835 1090 3888 enim
1104 3844 1163 3889 erat
1174 3835 1283 3891 Antonii
1296 3835 1391 3889 Musae

256 3929 424 3990 antecessor,
445 3941 497 3976 nen
511 3923 646 3991 Arsene,
663 3939 738 3990 quern
752 3919 867 3989 Augusti
881 3921 1008 3973 ms'dieuru
1022 3921 1091 3974 etin
1105 3921 1210 3991 proelio
1224 3921 1391 3991 Philippensi

256 4005 375 4060 comitem
396 4008 544 4074 (Plutarch.
566 4007 643 4061 Brut.
658 4002 704 4064 41.
729 4006 798 4059 Vell.
814 4005 919 4060 Petere.
936 4008 967 4073 2,
988 4007 1032 4060 70.
1058 4005 1116 4062 vn.
1138 4007 1209 4060 blau.
1227 4012 1257 4074 1,
1272 4009 1303 4073 7,
1323 4009 1348 4059 1.
1363 4007 1388 4060 2.

256 4093 380 4146 Laetant.
395 4094 459 4145 lust.
475 4097 505 4160 2,
519 4095 611 4160 7922.
626 4093 742 4146 Tertull.
758 4091 792 4143 de
802 4089 887 4144 Auim.
901 4086 960 4158 46„
975 4091 1083 4144 eundern
1097 4107 1153 4144 rem
1167 4092 1271 4146 nomina
1284 4091 1389 4144 sublato

255 4177 366 4231 tradunt
379 4177 455 4229 Suet.
471 4179 569 4230 Octav.
583 4178 627 4231 91.
643 4177 719 4231 utor.
734 4174 767 4242 4,
782 4177 808 4229 7.
824 4176 947 4246 Appiae,
964 4176 994 4228 B.
1010 4177 1043 4229 C.
1058 4173 1091 4242 4,
1108 4179 1183 4244 110.)
1201 4175 1288 4231 Plinio
1304 4175 1390 4229 intru-

255 4265 320 4316 dere
335 4261 394 4315 vult
407 4259 579 4316 Druanmurua
600 4263 646 4316 1v.
668 4281 695 4334 p.
712 4265 772 4318 287.
797 4263 834 4314 At
856 4278 946 4314 errare
968 4262 1114 4315 censendus
1135 4268 1177 4314 est
1198 4263 1246 4314 Vir
1266 4275 1388 4314 summus.

254 4347 387 4401 Artos-ium
402 4345 469 4400 enim
483 4355 546 4415 post
558 4347 691 4401 Actiacam
705 4363 819 4418 pugnam
838 4346 977 4415 naufragio
992 4347 1095 4417 perisse
1116 4354 1250 4400 testentur
1263 4345 1389 4398 Eusebius

256 4433 283 4484 iu
297 4433 422 4486 Obsonia.
442 4429 498 4501 (cd.
514 4431 584 4484 Seni.
599 4433 683 4486 Thes.
698 4441 780 4504 temp.
795 4450 822 4501 p.
839 4427 915 4500 154.)
934 4439 963 4484 et
978 4432 1066 4484 Putini
1078 4430 1287 4485 Commentarius
1300 4429 1388 4482 in'nn-

256 4519 355 4587 tiquunr
369 4515 553 4587 cenotaphium
567 4517 606 4571 Μ.
621 4519 738 4585 Asturii,
759 4515 854 4570 mediol
868 4517 984 4587 Augusti
998 4518 1093 4571 Pater.
1108 4517 1201 4583 teau,
1224 4517 1297 4586 typis
1311 4533 1387 4587 repe·

256 4602 321 4656 titus
335 4604 362 4656 in
376 4604 467 4658 Pelen.
484 4601 617 4656 Thasii.
640 4622 668 4674 p.
685 4603 753 4658 nea
767 4620 827 4673 sqq.
849 4602 909 4656 coll.
926 4603 986 4660 Aet.
1001 4600 1108 4654 Erudit.
1124 4601 1201 4658 1690.
1221 4620 1251 4674 p.
1267 4603 1330 4658 861.
1357 4601 1387 4654 Si
