3380 5324
171 523 231 590 rna
272 521 483 590 conmuni.
500 523 645 588 nunna.
657 523 732 588 ιιι.
744 525 767 589 1.
791 491 1203 594 [insusurrantem.
1247 528 1311 596 aaa

165 709 330 772 cohortatur
355 711 464 790 Poeta,
494 717 528 774 ut
553 731 615 774 aum
644 719 761 775 esterna
785 715 961 776 beatitudine
990 717 1019 776 in
1050 736 1100 778 ore
1127 721 1206 795 quasi
1233 718 1309 798 vulgi

163 813 259 890 posita
279 815 419 874 internam
441 813 462 872 i.
482 835 506 876 e.
529 817 652 876 animum
677 835 743 878 vere
769 819 948 878 emendatum
969 819 1132 896 conjungat.
1173 819 1217 879 Ex
1239 841 1309 898 pro-

162 913 251 994 priis,
277 920 310 974 ut
331 915 422 993 solet,
445 917 482 976 sd
502 917 660 977 communia
679 919 786 996 surgit,
813 919 832 980 i.
855 939 881 980 e.
907 920 944 978 ad
966 921 1040 980 vitae
1061 919 1163 981 beatae
1183 941 1234 981 seu
1255 923 1308 980 viri

162 1015 231 1076 boni
255 1017 494 1096 descriptionem,
522 1016 632 1078 Horatii
659 1019 735 1078 mitis
765 1019 914 1097 sapientis.
957 1023 1049 1091 Quem
1072 1020 1180 1082 Poetae
1201 1041 1308 1082 morem

161 1137 248 1198 quum
274 1137 376 1198 perum
403 1117 586 1178 observasset
611 1117 714 1178 Julius
740 1117 887 1198 Iosephus
917 1121 1075 1200 Scaliger,
1104 1140 1163 1182 nun
1190 1141 1308 1201 aequam

160 1219 199 1280 de
219 1219 274 1302 baa
294 1219 424 1301 Epistola
447 1219 515 1280 feeit
536 1221 724 1297 sententiam,
747 1241 834 1299 quum
855 1223 976 1282 diceret:
1001 1223 1160 1300 „Ceterum
1179 1225 1208 1280 in
1229 1231 1308 1286 sexta

160 1319 285 1398 decima,
311 1321 359 1382 ubi
385 1341 434 1382 rus
461 1322 630 1400 descripsit,
655 1321 731 1382 exilit
757 1333 866 1383 temere
891 1325 929 1382 ad
954 1324 1131 1384 discutienda
1154 1329 1308 1404 praecepta

159 1423 353 1503 sapientiae.“
398 1422 496 1501 iniquo
525 1420 591 1482 boio
612 1423 721 1500 judicio
746 1443 839 1504 paene
859 1427 1002 1486 contraria
1027 1425 1163 1504 opposuit
1190 1443 1307 1486 acumen

158 1526 364 1584 Hdsuiunssm
384 1524 464 1584 hisee
483 1525 594 1588 verbiss
616 1525 883 1604 „Quotiescumque
902 1532 997 1587 autem
1011 1525 1131 1604 aliquem
1147 1547 1163 1586 e
1179 1527 1306 1606 pbiloso-

157 1627 227 1708 plsia
247 1628 340 1688 losum
359 1626 511 1704 diligenter
528 1634 649 1704 tractat,
669 1627 751 1686 fenile
770 1629 939 1706 persuadet,
961 1645 1061 1686 causas
1080 1629 1136 1686 sibi
1154 1647 1236 1704 esee,
1258 1649 1307 1688 cur

157 1747 361 1807 nonnunquam
381 1727 535 1789 desultoria
556 1729 611 1789 boe
630 1734 714 1807 agate
740 1747 793 1788 neo
814 1731 960 1790 scientiam
980 1730 1083 1789 deesse
1103 1737 1153 1790 aut
1169 1731 1306 1792 eruditio·

158 1851 236 1892 uem
280 1829 374 1907 Legat
395 1829 543 1908 epistolam
563 1832 602 1890 ad
622 1832 767 1902 andun
790 1831 838 1914 qui
859 1831 945 1908 volet,
967 1832 1082 1908 inqua,
1103 1834 1166 1910 quis
1184 1833 1222 1892 sit
1238 1851 1307 1892 vere

158 1931 333 2007 virbonus,
358 1930 527 2009 disputatur.
569 1933 645 1994 Nam
667 1933 967 2011 praeterquamquod
991 1933 1102 2012 omnia,
1128 1953 1201 2011 quse
1221 1952 1240 1993 a
1260 1952 1305 1992 ea-

156 2032 304 2114 pientibus
324 2031 420 2092 afferri
438 2039 489 2092 aut
507 2035 613 2113 opponi
634 2034 743 2112 solent,
765 2035 901 2112 exentiat,
923 2039 968 2092 tot
987 2053 1078 2112 prope
1100 2033 1306 2112 enthymemata

156 2143 230 2213 quot
260 2134 356 2196 rerba
410 2133 505 2194 Etiam
535 2135 715 2196 definitiones
748 2155 848 2215 purum
880 2142 1025 2196 somnos
1060 2136 1135 2196 serio
1167 2137 1304 2215 explorat.

155 2235 254 2296 Primo
274 2235 350 2296 enim
369 2235 445 2314 vulgi
466 2236 629 2315 opinionem
649 2239 800 2317 proponit:
822 2238 925 2296 deinde
946 2235 1097 2297 falsitatem
1120 2239 1181 2315 ejus
1202 2239 1304 2316 argrrit.

155 2369 250 2384 -—
265 2369 309 2382 -
324 2339 372 2396 ssi·
392 2335 488 2398 όοηιιι
507 2369 549 2382 -·-
565 2336 647 2416 pelis
666 2337 783 2396 deeora.
812 2335 952 2418 Denique,
974 2340 1107 2417 quicquid
1127 2339 1215 2400 libera
1237 2361 1305 2401 ora-

154 2441 234 2500 tione
255 2441 311 2500 diei
334 2459 352 2498 a
372 2438 543 2519 pbilosopbo
562 2446 677 2519 potest,
702 2441 758 2501 boe
778 2440 868 2518 ligata
896 2447 942 2501 eat
961 2441 1117 2519 amplexus.
1158 2443 1198 2504 Et
1225 2444 1303 2521 qnod

155 2542 280 2602 miraculi
300 2548 346 2602 est
365 2543 472 2619 instar,
499 2543 561 2603 sine
586 2543 682 2602 taeelio
706 2543 822 2602 lectoris
846 2550 896 2602 aut
916 2541 1138 2624 putiditate.“*)
1180 2546 1304 2606 Constat

154 2649 269 2738 autem,
299 2662 384 2726 qnam
410 2661 524 2703 morose
551 2649 638 2721 atque
663 2643 760 2724 inique
787 2647 824 2706 de
857 2646 976 2724 Qiss'nss's'
1002 2646 1129 2706 moribus
1150 2648 1304 2724 judicarint
1389 2645 1392 2656 '

227 2883 257 2955 *J
271 2885 346 2938 Hane
359 2883 479 2938 Danielis
487 2885 573 2938 verbs
586 2884 711 2954 leguntur
723 2887 751 2940 in
765 2888 834 2941 libro
849 2887 882 2942 ds
894 2887 952 2941 Sul.
968 2885 1064 2939 Horat.
1076 2905 1103 2956 p.
1117 2883 1302 2943 retentioni

154 2969 222 3025 Hor.
236 2969 324 3039 bugd.
338 2967 399 3020 list.
414 2969 491 3024 1612.
506 2985 624 3034 aunem
640 2971 774 3041 Saetiger-i
787 2972 814 3024 in
826 2971 922 3024 moe.
932 2971 992 3028 libr.
1002 2972 1029 3024 6.
1042 2989 1071 3040 p.
1082 2971 1144 3024 8⁰8.
1156 2968 1200 3023 ed.
1212 2979 1301 3039 quart.

155 3055 235 3110 laur.
250 3055 329 3119 Quae
338 3053 373 3107 de
383 3053 471 3106 indole
481 3055 654 3124 epistolarum
661 3055 864 3110 llorstisssrum
875 3063 929 3109 tum
938 3055 960 3121 l,
973 3059 998 3108 1.
1009 3071 1036 3123 p·
1046 3053 1080 3110 25
1091 3071 1144 3125 sq.,
1154 3059 1209 3107 tum
1219 3052 1249 3107 in
1259 3069 1303 3108 sr-

153 3153 279 3208 gssseato
293 3139 454 3209 sinqulsrsrs
468 3137 580 3194 subinde
594 3139 773 3210 exposuimus,
788 3159 821 3196 sa
832 3140 942 3210 egregie
952 3139 1091 3192 firmentur
1104 3140 1152 3194 Fr.
1164 3139 1257 3192 luendi
1269 3139 1302 3192 li·

153 3224 240 3278 bellos
262 3225 381 3296 „lliuigs
392 3224 593 3294 Remerkungen
607 3225 675 3279 iiber
688 3225 740 3280 den
751 3226 877 3296 beutiqeu
887 3225 1058 3294 Stsndpunkt
1068 3224 1116 3278 der
1127 3223 1301 3294 Paedsgogik

153 3309 206 3363 und
219 3327 253 3364 su
266 3313 392 3366 Horas.“
412 3308 521 3363 Lubeot
539 3306 615 3366 1³41.
633 3329 661 3382 p.
677 3313 710 3367 10
724 3327 766 3383 sq.
797 3312 874 3380 „Dia
891 3310 1017 3379 Epistola
1033 3337 1066 3349 -
1088 3309 1147 3362 sind
1160 3309 1301 3380 Selbstge-

154 3395 286 3465 eprielre,
309 3395 336 3448 in
355 3396 440 3450 denen
461 3396 509 3449 der
530 3395 640 3450 Diebter
659 3396 788 3451 suniebnt
807 3397 856 3451 snit
874 3396 932 3449 sich
945 3395 1033 3448 selbst
1046 3395 1094 3448 aul
1105 3395 1151 3448 dss
1166 3395 1252 3448 lisine
1266 3412 1299 3450 su

153 3479 274 3535 ksmmen
287 3480 372 3540 euebt.
406 3480 543 3535 wibreud
558 3483 642 3536 daber
657 3483 685 3535 in
703 3482 752 3536 der
766 3483 858 3536 satire
872 3482 921 3536 der
933 3479 1040 3551 Biirger
1054 3481 1107 3534 und
1123 3481 1203 3534 Stant
1215 3481 1299 3536 dureb

155 3563 242 3620 'l'sdel
259 3567 400 3637 gelbrdert
415 3565 498 3635 vird,
521 3565 663 3621 belesudelt
681 3567 726 3620 die
744 3569 851 3638 Epistel
866 3567 945 3621 meist
957 3566 1077 3620 sittliobe
1090 3566 1156 3620 oder
1170 3567 1300 3622 asstlseti·

153 3652 215 3706 sebe
229 3651 420 3721 ngeostiude
441 3668 493 3705 ron
513 3652 573 3706 rein
592 3651 793 3708 neuselsliobers
814 3653 880 3708 oder
893 3651 1092 3706 individuellsnr
1110 3652 1299 3723 Standpuukte

154 3749 209 3790 sus.
240 3739 279 3792 Su
295 3736 452 3792 beselchnst
465 3754 495 3790 er
508 3738 549 3793 sie
562 3739 591 3791 in
604 3737 654 3791 der
667 3737 774 3792 rierten
786 3738 878 3792 Satius
892 3737 985 3804 selbst,
1001 3753 1054 3790 ron
1069 3737 1103 3794 V.
1118 3737 1179 3792 129.
1193 3755 1240 3792 en:
1256 3737 1298 3790 llx

153 3817 203 3873 boo
216 3839 266 3892 ego
282 3841 361 3877 sanus
374 3829 437 3889 eto,
452 3823 535 3878 durob
549 3824 600 3877 den
612 3824 661 3877 dar
672 3823 835 3894 Uebergsng
848 3841 883 3877 su
894 3825 954 3877 dem
965 3823 1069 3876 Thema
1078 3823 1202 3891 gemaabt
1212 3823 1296 3876 wirds

153 3901 290 3963 Fortun·
303 3916 332 3962 et
343 3908 423 3961 istinc
437 3915 491 3962 ete.

236 3992 292 4046 Ans
306 3993 395 4048 dieser
408 3995 586 4062 Aulfaseung,
603 3994 652 4046 sul
662 3991 706 4046 die
721 3992 801 4064 signe
816 3991 970 4046 Aretorltit
982 3993 1030 4046 dss
1044 3991 1169 4046 Dichtsrs
1183 3989 1297 4060 bsgrsiu-

154 4073 209 4140 det,
227 4076 293 4146 gelat
307 4078 427 4147 suqlsieb
438 4080 483 4133 die
494 4077 701 4132 Usibnlisbkeit
714 4077 818 4133 sossubl
830 4077 925 4132 bslder
938 4078 1164 4147 Diobtuuqssrteu
1177 4078 1207 4130 in
1218 4076 1297 4130 ibren

154 4158 349 4216 entlemteetsn
362 4163 483 4218 Puniten
496 4163 608 4230 berrue,
628 4165 680 4218 wie
694 4164 761 4218 anob
775 4162 833 4217 ihre
847 4165 915 4218 nabe
932 4162 1179 4229 Verwsudteelralt,
1194 4160 1297 4215 urslebe

155 4257 185 4294 sn
199 4245 269 4302 risle
279 4247 469 4304 ltunstriobter
481 4249 549 4304 tiber
561 4247 621 4304 ihre
635 4249 725 4304 wsbrs
736 4249 824 4304 Natus
833 4248 870 4304 lm
879 4249 1002 4304 Dnukeln
1013 4250 1136 4318 gelaseen
1149 4245 1205 4300 hat.
1219 4247 1297 4300 Denn

156 4325 275 4388 offensor
289 4333 399 4388 werden
415 4335 455 4388 olt
468 4334 607 4390 dieselben
620 4335 754 4388 Meterien
767 4334 795 4388 in
809 4351 877 4402 gans
892 4335 1029 4389 ibulioher
1043 4335 1135 4388 Weiee
1153 4331 1181 4384 iu
1195 4329 1296 4383 Beiden

155 4409 297 4474 bsbsndelt
316 4419 442 4487 werden,
463 4436 512 4474 nur
532 4421 581 4474 der
599 4421 766 4492 Asgeredete
785 4419 892 4488 [dieser
911 4419 1022 4474 nimiicb
1041 4419 1079 4472 iet
1099 4415 1236 4473 entwsder
1248 4415 1297 4470 der

155 4490 265 4556 Distu„
275 4505 373 4573 selbot,
387 4503 436 4560 nlo
449 4503 500 4558 den
513 4504 558 4560 ibn
570 4505 756 4560 berdbrendes
769 4505 935 4572 interesses,
951 4523 975 4560 a.
986 4505 1016 4556 B.
1033 4503 1123 4558 eeineu
1137 4501 1295 4569 ffieundens

156 4577 222 4636 ⁰⁶⁸1
234 4585 281 4644 tlss
294 4590 373 4648 Volt.
405 4589 452 4648 lot
465 4589 551 4647 sedne
563 4591 621 4648 slsn
640 4588 715 4646 nisti
728 4590 778 4646 mit
792 4591 852 4646 desi
867 4590 1055 4660 Angeradeteu
1072 4587 1116 4643 die
1129 4589 1247 4656 Person,
1261 4605 1295 4642 an
