3504 5324
357 483 420 550 los
461 483 972 551 cornfflNT.1NfloaL1B.1.
1002 483 1126 546 lil'lST.
1142 484 1261 546 ΠΜ.
1275 484 1412 547 DEClM.
1475 491 1495 553 8

355 677 392 734 rit
411 673 462 733 Fi.
483 669 593 732 Jacobs
613 671 647 732 V.
667 693 697 751 p.
720 673 786 736 171·
797 691 873 750 sqq,
890 693 1011 753 quocum
1032 675 1107 734 coni.
1133 673 1302 733 Weicberti
1321 673 1417 734 Iaectt.
1439 673 1495 734 Ve-

355 797 421 835 nus.
447 775 471 849 §.
493 780 523 842 8.
544 796 573 854 p.
597 776 649 839 82.
677 779 707 832 et
726 773 865 833 Drinucr
888 797 917 855 p.
938 778 997 841 101
1012 796 1076 854 sqq.
1108 775 1231 835 Proinde
1257 783 1335 835 recte
1358 777 1497 856 judicabis

356 879 402 938 rel
422 879 458 938 de
483 879 605 957 judicio,
632 879 708 954 quod
736 877 773 936 de
795 877 850 938 boc
879 879 1012 957 epistolio
1036 878 1105 936 facit
1125 877 1169 936 D.
1193 879 1339 937 Heinsius
1365 881 1415 960 (de
1435 881 1498 940 Sar.

355 981 430 1041 Hor.
453 978 674 1058 Libr.p.168·
696 979 740 1038 ed.
767 980 876 1060 1612):
908 980 998 1057 „Huc
1027 985 1139 1057 spectat
1161 983 1360 1040 venustissima
1386 981 1434 1040 illa
1459 981 1497 1039 ad

356 1081 480 1141 Asellam
501 1081 638 1161 epistola,
668 1099 752 1157 quem
773 1099 835 1140 cum
853 1079 932 1140 libris
953 1083 1012 1141 suris
1033 1082 1071 1138 ad
1093 1080 1251 1157 Augustum
1271 1083 1371 1154 mittit3
1390 1084 1420 1140 in
1441 1101 1497 1160 qua

355 1183 450 1263 lepide
469 1183 687 1245 umbraticorum
703 1203 797 1242 mores
814 1183 1070 1264 comprincipibus
1092 1185 1247 1263 sistuntur,
1268 1185 1373 1244 autad
1394 1203 1444 1244 eos
1464 1203 1498 1243 se

356 1287 519 1363 conferunt,
544 1285 724 1364 describit,“
751 1285 796 1345 vel
811 1287 847 1344 de
865 1285 1020 1363 codicillis,
1045 1307 1118 1364 quos
1143 1287 1323 1344 Sonaclomre
1342 1263 1498 1366 praeeunte

355 1385 478 1446 Docerio
500 1390 536 1447 ad
556 1409 585 1449 r.
607 1392 636 1452 1.
658 1409 725 1466 „un
746 1389 826 1448 billet
853 1389 1021 1448 instructii“
1050 1397 1151 1466 vocat,
1180 1389 1371 1468 „qu'florace
1397 1389 1497 1447 envoie

356 1489 372 1548 l
394 1488 466 1548 celui
486 1490 553 1569 qu'il
573 1491 649 1550 avait
670 1492 776 1568 charge
797 1493 833 1548 de
854 1497 953 1569 portet
970 1511 1008 1549 un
1025 1495 1132 1568 paquet
1150 1492 1168 1550 a
1186 1489 1347 1567 Auguste.“
1377 1491 1499 1548 Verrun-

354 1597 449 1649 tamen
469 1593 555 1668 digna
576 1599 639 1670 cst,
661 1613 733 1672 quae
753 1589 789 1650 ab
812 1593 954 1652 hominum
975 1593 1148 1652 eruditorum
1170 1592 1308 1652 oblivione
1328 1592 1497 1668 vindicetur,

355 1693 472 1772 elegans
497 1693 724 1772 Dorr'glrellonrb
751 1693 926 1755 observatio:
957 1695 1050 1772 „Hoc
1079 1695 1179 1772 exiguo
1207 1695 1337 1774 epistolio
1359 1695 1497 1772 quaedam

354 1794 461 1854 monita
481 1795 603 1855 inculcat
623 1797 722 1874 Vinio,
750 1798 796 1856 cui
816 1815 889 1855 onus
909 1797 1084 1874 imposuerat
1104 1797 1215 1856 serendi
1241 1817 1312 1857 snos
1329 1796 1438 1855 libellos
1461 1795 1499 1852 ad

354 1892 522 1972 Augustum.
573 1897 616 1959 Er
636 1901 734 1977 paucis
757 1898 802 1956 bis
823 1895 968 1972 versibus,
997 1898 1045 1974 qui
1066 1897 1243 1974 negligenter
1269 1899 1399 1957 videntur
1420 1899 1498 1974 iacti,

356 1994 459 2074 Poeta,
482 2007 513 2059 ut
533 2019 675 2079 exangue
695 2001 756 2080 leo,
777 2000 950 2078 agnoscitur.
988 1999 1090 2059 Vrvide
1107 2005 1137 2058 et
1154 1999 1247 2077 lepide
1264 2003 1393 2079 jocatur;
1412 2017 1500 2080 parva

357 2105 387 2157 ct
407 2103 514 2162 minuta
534 2123 568 2160 eo
594 2102 653 2164 sale
674 2105 787 2181 condit,
817 2121 874 2179 quo
897 2107 1014 2160 crmctas
1035 2101 1161 2162 Veneres
1184 2103 1307 2180 sapiunt.
1359 2103 1434 2162 Vinii
1454 2104 1499 2160 in·

355 2203 468 2278 genium
493 2223 569 2264 noro
597 2205 720 2282 quodam
748 2210 779 2263 et
811 2203 888 2262 molli
920 2204 1050 2283 penicillo
1085 2203 1251 2280 adumbrat,
1285 2211 1352 2286 apte
1378 2213 1408 2266 et
1437 2211 1499 2264 cate

355 2302 514 2380 Augustum
533 2307 660 2365 laudat.“

444 2407 591 2485 Wnniur,
613 2413 752 2484 quatenus
773 2408 828 2465 tria
848 2409 962 2466 nomina
982 2407 1070 2466 latina
1083 2409 1158 2488 apud
1177 2408 1270 2469 Scbol.
1293 2405 1395 2480 habet,
1414 2404 1499 2462 homo

356 2505 426 2564 liber
446 2507 516 2586 fuit,
545 2509 642 2587 quiin
670 2507 772 2566 ricinia
798 2508 880 2568 villae
907 2506 1046 2588 Sabinae,
1074 2511 1308 2588 quemadmodum
1328 2505 1447 2566 Cervius
1470 2511 1501 2562 et

356 2605 513 2688 Arellius*)
536 2607 610 2688 (Sat.
627 2613 662 2684 2,
679 2609 715 2686 6,
735 2611 786 2672 77.
807 2610 872 2689 78.)
890 2611 1035 2670 habitabat
1056 2615 1189 2691 cujusque
1214 2628 1302 2691 opera
1321 2608 1392 2668 Hor.
1414 2625 1500 2682 quum

356 2709 391 2766 ed
414 2713 506 2770 varias
527 2731 588 2785 res,
610 2719 670 2770 tum
686 2712 723 2769 ad
745 2713 880 2789 epistolas
895 2714 1081 2792 perferendas
1096 2733 1164 2773 usus
1179 2733 1244 2773 esse
1258 2711 1378 2769 videtin.
1419 2706 1500 2765 Clea-

357 2807 454 2870 botr'us
472 2820 502 2872 et
525 2811 697 2891 Rappoltas
715 2813 842 2876 Vinnium
863 2835 916 2895 pro
938 2815 1067 2876 familiari
1095 2817 1188 2894 aliquo
1210 2816 1316 2890 amico,
1343 2809 1502 2870 Rodelliru

675 2941 685 2980 4
871 2939 876 2950 .

356 2991 570 3002 ——u-—n

358 3109 439 3177 (736)
450 3109 557 3178 jaindre
572 3109 587 3160 t
601 3123 646 3160 ces
661 3107 730 3160 trois
744 3105 826 3160 livres
840 3108 933 3162 d'odss
949 3125 994 3162 ses
1009 3109 1079 3164 deux
1093 3107 1177 3164 livres
1189 3108 1223 3161 de
1235 3109 1332 3161 satiras
1348 3114 1377 3158 et
1390 3103 1429 3159 les
1445 3101 1503 3173 epl-

357 3203 415 3246 tres
433 3194 496 3264 qu'il
513 3193 587 3245 avait
601 3193 662 3261 dejs
677 3192 798 3262 publices
818 3198 996 3262 separement.
1032 3196 1110 3249 C’cst
1123 3211 1193 3264 pour
1215 3194 1302 3246 servir
1318 3189 1426 3244 d'envoi
1441 3190 1456 3239 t
1472 3203 1503 3238 oe

358 3279 460 3332 recueil
474 3279 537 3348 qu’il
552 3293 677 3346 composa
689 3278 799 3347 l'epltre
812 3279 900 3331 treine
914 3280 949 3331 du
962 3280 1031 3333 livre
1046 3280 1120 3334 ler.“
1156 3279 1201 3332 Cf.
1216 3281 1254 3332 ib.
1273 3297 1301 3349 p.
1318 3275 1379 3332 285.
1403 3275 1504 3326 Contra

357 3363 492 3416 Rodeilius
506 3362 656 3433 Epistolam
671 3380 714 3415 ao.
730 3357 797 3430 744,
813 3379 864 3434 quo
883 3382 950 3417 anno
965 3365 1034 3418 Hor.
1049 3364 1146 3418 Vinnio
1163 3365 1258 3418 librum
1272 3363 1318 3416 IV.
1341 3362 1459 3414 Oderum
1474 3363 1503 3409 et

358 3447 540 3517 Epistolarum
554 3448 676 3502 volumen
691 3447 725 3499 ad
742 3447 884 3500 Caesarem
904 3449 1073 3502 deserendum
1087 3448 1248 3518 tradiderit,
1272 3445 1399 3517 scriptam
1414 3448 1501 3515 putat,

359 3533 394 3585 de
409 3533 502 3586 eodem
516 3549 583 3586 anno
600 3531 770 3586 consentiunt
783 3531 920 3601 Docerius,
935 3533 1099 3600 Marcelline,
1116 3533 1289 3606 Doriglrcllo,
1305 3535 1354 3588 sed
1368 3549 1415 3586 suo
1431 3527 1504 3599 quis·

360 3635 412 3688 que
427 3618 517 3671 modo:
532 3617 673 3685 Ducarius,
690 3617 733 3670 cui
747 3617 895 3670 assentitur
907 3617 1005 3686 Dora,
1019 3619 1053 3672 ad
1066 3621 1251 3689 perferendam
1261 3617 1412 3690 Epistolam
1425 3617 1450 3682 2,
1467 3615 1503 3677 1.,

360 3701 518 3776 Doriglrcllo
539 3702 573 3756 sd
596 3702 725 3755 mittenda
746 3709 865 3757 extreme
887 3704 1002 3757 carmine
1023 3711 1051 3756 et
1072 3703 1211 3775 epistolas.
1235 3707 1397 3758 Sonodonus
1417 3703 1506 3751 autern

361 3787 430 3843 hanc
445 3789 596 3860 Epistolam
610 3787 642 3841 ad
658 3790 757 3841 exitum
771 3789 832 3842 anni
847 3785 917 3854 743,
943 3807 995 3859 quo
1009 3789 1104 3842 Vinius
1125 3790 1275 3861 Epistolam
1289 3791 1321 3854 2,
1343 3789 1368 3840 1.
1393 3781 1506 3836 Caesari

362 3875 470 3928 tradere
482 3877 572 3945 jussus
587 3872 632 3929 sit.
649 3875 715 3926 Cum
729 3875 770 3926 his
786 3873 856 3927 conf.
872 3873 976 3927 Richter
990 3875 1023 3928 ad
1038 3875 1116 3927 Suet.
1131 3875 1188 3929 Vit.
1203 3875 1270 3928 Hor.
1286 3890 1315 3942 p.
1331 3873 1430 3924 170-
1445 3869 1505 3922 teo.

363 3957 470 4032 Zumpt.
487 3979 531 4030 ap.
545 3959 730 4014 Wistemann.
744 3976 773 4030 p.
787 3959 829 4012 19.
846 3959 949 4027 Teuffel
960 3961 988 4012 in
1007 3959 1148 4028 ‚,Horaa.“
1163 3959 1298 4028 (Tibing.
1318 3951 1402 4022 1843)
1416 3973 1445 4024 p.
1462 3948 1506 4008 24.

363 4045 425 4108 Quo
440 4050 526 4099 autem
537 4045 599 4113 jure
615 4051 717 4098 certum
731 4061 790 4098 esse
805 4043 879 4098 dicat
892 4045 1018 4099 Strcobcr
1032 4046 1073 4116 (p.
1088 4046 1161 4112 166),
1176 4045 1243 4096 hanc
1254 4040 1404 4112 Epistolam
1416 4038 1508 4107 singil-

363 4129 437 4185 latim
455 4132 554 4184 editam
570 4149 643 4196 esse,
666 4149 707 4185 me
727 4130 812 4198 fugit,
834 4145 919 4199 neque
940 4131 999 4200 ipse
1019 4147 1124 4184 causam
1139 4134 1227 4182 certae
1240 4128 1313 4182 illins
1335 4127 1378 4180 rei
1393 4123 1506 4180 addidit.

446 4213 477 4284 *)
494 4216 598 4279 Quibus
613 4215 647 4270 de
662 4213 747 4268 causis
762 4215 881 4268 Daintaer
895 4214 944 4281 (ll.
960 4233 988 4285 p.
1002 4210 1080 4282 417.)
1100 4216 1161 4268 illos
1175 4231 1225 4284 pro
1240 4213 1312 4267 lictis
1326 4211 1447 4282 personis
1461 4207 1507 4259 bt·

363 4303 443 4371 bcat,
458 4309 587 4372 exputare
602 4317 715 4370 nequeo.
738 4299 817 4363 Quod
829 4299 966 4353 Passooircs
980 4301 1016 4354 N.
1029 4303 1091 4355 282.
1106 4299 1229 4353 Vinnium
1239 4305 1352 4370 propter
1363 4309 1508 4366 cognomen

363 4387 470 4442 asellae
484 4404 590 4440 servum
604 4387 688 4439 luisse
701 4385 862 4456 suspicatur,
875 4401 990 4454 vereor,
1007 4404 1040 4438 ne
1055 4386 1116 4438 huic
1130 4385 1279 4454 cognomini
1293 4383 1395 4437 nimium
1405 4378 1509 4433 tribue·

365 4471 411 4526 rit.
435 4473 523 4526 Porro
541 4471 697 4527 Torrentius
710 4471 833 4526 Vinnium
847 4488 897 4541 pro
912 4455 1022 4526 rusticd
1030 4477 1058 4525 et
1071 4489 1104 4525 eo
1121 4471 1226 4542 quidem
1239 4472 1342 4525 Poetae
1355 4468 1383 4520 in
1399 4465 1507 4521 Sabinis

365 4555 454 4611 visino
467 4557 570 4614 babuit.
