3420 5332
225 528 268 592 78
305 523 514 587 nomm.
527 523 675 586 utnon.
690 521 763 584 LlB.
777 523 801 584 l.
831 522 954 584 aelst.
968 522 1275 586 nuntiauerant
1307 520 1369 586 411

227 713 296 754 rum
313 693 428 752 colmar
450 695 642 752 rr‘r'rrrommn
660 703 754 770 capno
773 703 801 750 ee
820 692 1064 774 negb'gmnonm
1082 691 1208 752 ὸωὸωιι
1228 693 1370 752 cinno

227 807 301 856 tram.
313 806 437 876 argenta
455 795 556 856 ττὶὲωη
576 793 819 858 accubitalium·
833 798 967 873 peritiam
983 806 1012 854 ct
1032 795 1178 874 quicquid
1195 795 1284 854 nlirrd
1302 816 1370 868 ame

228 898 367 958 bitr'onam
381 917 522 978 panem
533 899 593 956 ,νίσ
610 901 759 978 aequitem,
777 897 887 958 bona.
922 898 1008 956 Satis
1024 899 1125 974 iprum
1145 915 1251 958 nmen
1268 897 1369 976 pbilo-

226 1001 362 1078 τσμΙιίσσ,
393 1001 510 1058 aanor·
528 999 655 1058 madente
675 1009 837 1071 στσσεσσμτ,
865 1000 1045 1058 metallorum
1065 1009 1118 1058 eet.
1160 1002 1254 1070 Quam
1275 1017 1369 1060 auram

226 1121 345 1180 umque
361 1123 420 1162 nnn
440 1119 552 1178 aernper
570 1099 736 1164 laudabilem
758 1109 867 1162 retem
889 1101 930 1161 illi
949 1101 1072 1161 Romani
1091 1107 1120 1160 et
1140 1101 1169 1160 in
1186 1101 1319 1180 capillitio
1340 1108 1370 1160 et

226 1204 255 1262 in
271 1203 358 1262 barba
375 1204 536 1282 poanerint,
555 1207 696 1262 testantur
715 1202 769 1262 loci
790 1204 827 1261 ad
842 1205 873 1276 1,
890 1201 941 1266 94.
962 1202 1079 1262 indicati
1096 1201 1161 1261 coll.
1183 1203 1243 1262 cic.
1265 1203 1293 1262 in
1312 1202 1370 1260 Ca·

226 1305 267 1364 til.
289 1309 320 1380 2,
342 1306 398 1381 10,
413 1306 463 1368 22.
486 1308 516 1362 et
535 1321 607 1380 qnos
628 1301 727 1362 landet
737 1304 891 1384 Rupertina
904 1305 942 1363 ad
954 1305 1018 1364 Jnr.
1033 1307 1065 1380 6,
1081 1303 1150 1367 106.
1168 1302 1369 1382 11‚1492qq.

227 1407 410 1486 Quapropter
430 1403 603 1484 improbabit
620 1402 767 1463 Lambini
786 1413 815 1466 et
834 1407 950 1464 Mureti
968 1405 1242 1484 interpretationem:
1262 1405 1368 1484 „quia

226 1525 299 1586 qnae
319 1509 489 1583 tondentur,
516 1506 624 1566 biranta
644 1514 674 1566 et
691 1508 781 1587 pilosa
804 1509 861 1568 aint
878 1527 998 1570 neaerae
1018 1515 1078 1578 eat,
1104 1526 1155 1586 per
1177 1517 1291 1564 tonum
1313 1526 1368 1564 cn·

227 1619 284 1668 tcm
305 1611 391 1670 totina
412 1609 539 1687 corporia
556 1607 700 1668 horridam
717 1610 856 1687 qnondam
872 1615 902 1670 et
923 1611 1058 1668 hirsutam
1077 1609 1259 1686 asperitatem
1279 1609 1368 1687 signi-

226 1712 334 1786 ficat,“
357 1709 530 1789 vituperabis
556 1709 698 1790 cruqun,
725 1713 888 1784 Tomntr'i,
909 1709 1028 1770 Lnbini
1044 1717 1214 1772 monetrnm:
1235 1709 1326 1787 „duri
1339 1710 1368 1768 in

223 1814 328 1872 αισὶτοε
348 1814 476 1874 hominen
497 1812 668 1873 arbitrantur
687 1833 719 1873 ae
733 1814 922 1874 commendari
942 1825 1028 1873 tom
1045 1825 1131 1884 cate,
1149 1833 1208 1872 non
1224 1831 1295 1888 aaa,
1314 1809 1368 1872 aad

225 1913 356 1972 amiciet
377 1913 614 1988 dantibnaatria,
636 1912 663 1974 b.
689 1935 715 1982 e.
743 1919 849 1993 agresti
869 1916 1053 1976 mordacitate
1079 1921 1108 1978 et
1131 1915 1273 1974 torrenda
1298 1931 1368 1972 oon-

224 2017 349 2074 tentione
365 2007 452 2094 saepe
470 2017 554 2074 dere
576 2016 699 2075 nibili.“.
715 2017 921 2078 immunditiem
941 2017 1114 2096 quorundam
1135 2013 1368 2094 philosophorum

224 2116 276 2182 Fr.
302 2135 416 2194 quoqne
443 2115 562 2180 Iacobo.
587 2117 634 2195 (V.
655 2139 684 2197 p.
703 2117 757 2196 91)
782 2119 921 2198 intelligit.
959 2120 1106 2180 Horatium
1124 2123 1238 2198 practer
1255 2120 1366 2176 ceteros

224 2220 384 2278 Stoicorum
402 2220 521 2294 rigidam
541 2219 715 2298 disciplinam
737 2223 862 2282 aenaim
886 2224 971 2283 etiam
995 2223 1121 2282 declarat
1143 2219 1265 2280 liba-tna
1284 2237 1367 2276 mma

224 2341 352 2400 veraque
378 2324 481 2380 νίνσω.
523 2322 589 2380 Vid.
618 2341 682 2382 ann.
710 2323 747 2382 ad
770 2326 832 2401 10,Ι
848 2320 901 2387 41.
927 2323 992 2384 coll.
1017 2324 1056 2386 0.
1072 2323 1154 2387 Jahn.
1176 2322 1213 2381 ad
1235 2321 1312 2384 Pers.
1334 2319 1366 2396 6,

223 2423 274 2486 81.
300 2429 331 2482 et
356 2423 424 2482 ibid.
449 2443 478 2502 p.
502 2423 571 2486 181.
611 2423 667 2482 Per
687 2424 849 2486 libertatem
873 2433 1045 2486 autemnon
1067 2445 1130 2486 cam
1148 2429 1274 2500 mntem,
1293 2442 1367 2503 qnae

222 2526 250 2582 in
265 2522 363 2584 nerbie
378 2525 417 2583 ait
434 2523 571 2602 intelligi,
599 2525 652 2585 aed
671 2545 744 2603 qnae
762 2527 858 2588 babitu
885 2547 999 2606 qnoque
1021 2547 1054 2588 ae
1073 2529 1197 2608 prodat,
1223 2531 1301 2586 recte
1322 2525 1368 2592 di·

223 2625 262 2684 eit
274 2625 456 2704 Rappoltur.
488 2626 533 2688 De
549 2633 657 2688 enarre
671 2648 743 2687 vern
763 2629 819 2689 diri
840 2630 878 2690 ad
895 2631 928 2707 1,
950 2632 1001 2694 16.
1023 2631 1059 2691 ol.
1080 2627 1176 2690 Lnbt.
1198 2628 1237 2688 ad
1256 2629 1314 2691 06.
1333 2629 1366 2704 33

223 2729 254 2804 2,
274 2730 313 2792 21
335 2761 378 2774 “·“’
396 2729 446 2794 25·
718 2759 722 2766 ”

306 2827 339 2887 V.
361 2832 390 2891 9.
422 2831 526 2890 Vr'rtnr
545 2843 589 2890 ert
604 2865 644 2878 -
662 2831 824 2894 reductum.
866 2830 911 2890 ab
942 2833 1090 2891 contrariia
1119 2836 1185 2890 ante
1210 2831 1366 2910 prn'poaitia

222 2930 251 2988 in
268 2929 474 2991 henovirtutir
496 2934 686 2992 delinitiomm
714 2932 919 2992 mnrotelican
941 2952 994 2991 ana
1019 2939 1122 3010 sponte
1143 2931 1243 2991 incidit
1266 2933 1365 2998 Poeta.

222 3031 267 3090 lta
283 3032 357 3092 enirn
374 3031 467 3092 Ethia.
482 3035 513 3108 2,
529 3035 563 3108 6,
582 3034 655 3098 16.“
679 3029 784 3096 Ἔστιν
797 3029 857 3114 ἄρα
876 3031 898 3112 ἦ
916 3026 1005 3112 riperti
1023 3029 1366 3114 lire-npocrperreri‚·iv

223 3130 363 3213 μεσότητι
382 3122 458 3196 οὖσα
477 3139 516 3220 τῇ
531 3129 608 3215 eote
628 3131 724 3214 ἡμᾶς,
746 3131 895 3219 ὥστσμὲνῃ
915 3131 1008 3219 idyp,
1032 3134 1082 3198 rai
1102 3133 1142 3209 de
1161 3129 1200 3197 iv
1217 3129 1366 3217 φρόνιμος

220 3232 344 3316 ὁμίσεισ·
373 3235 499 3317 μεσότης
528 3235 561 3300 dl
582 3234 640 3302 dio
658 3241 790 3314 σσκισῖν,
811 3241 865 3315 τῆς
883 3233 937 3316 μὲν
955 3231 1026 3298 καθ’
1041 3229 1234 3318 ὕστρβσλήν,
1254 3243 1309 3319 τῆς
1332 3235 1365 3301 dl

220 3332 282 3402 κατ’
304 3337 447 3417 literam.
482 3341 553 3400 lbid.
577 3343 608 3420 2,
629 3343 662 3417 8,
685 3345 702 3404 1
723 3359 789 3418 aqq.
811 3339 842 3412 9,
866 3343 883 3404 1
902 3359 967 3418 aqq·
997 3339 1072 3400 Hinc
1085 3341 1250 3419 Hieronym.
1271 3341 1364 3424 Epire.

221 3442 260 3501 ad
280 3439 454 3501 Demetriad.
475 3443 505 3506 8.
528 3441 552 3505 1.
571 3461 600 3520 p.
622 3438 672 3504 44.
693 3441 726 3502 B.
763 3440 1053 3524 Philoroplrorum*)
1081 3461 1197 3522 quoqne
1219 3447 1365 3504 embolia

221 3554 264 3602 eat
271 3584 284 3614 ,
305 3538 467 3622 perdamne
482 3537 601 3624 ripario,
620 3535 789 3624 daepdotdp
803 3542 908 3616 enatae
922 3536 1015 3606 alacre
1036 3544 1259 3624 quadrariam
1270 3565 1364 3607 carran

222 3805 265 3858 80.
281 3802 392 3875 Rupert.
409 3803 442 3858 ad
458 3804 519 3858 Jnv.
534 3802 560 3872 5,
576 3804 634 3858 171.
648 3803 766 3874 interpp.
782 3801 816 3858 ad
832 3801 942 3860 barian.
961 3802 1076 3860 conviv.
1091 3808 1134 3862 18.
1149 3814 1179 3862 et
1192 3822 1258 3880 qnor
1273 3808 1363 3863 landet

222 3889 257 3941 0.
269 3887 378 3943 Jabnina
394 3889 428 3943 ad
446 3890 523 3944 Pera.
538 3907 565 3959 p.
580 3887 729 3942 Lxxxvl.
748 3889 782 3942 N.
795 3891 821 3945 1.

306 3970 390 4041 ')lta
400 3973 480 4028 etiam
495 3973 571 4028 Stob.
583 3973 642 4029 Eoi.
658 3977 683 4042 1,
695 3975 720 4028 7.
733 3990 760 4043 p.
771 3973 814 4029 86.
828 3973 911 4028 Hear.
925 3965 1025 4041 ’1161κή
1039 3966 1139 4029 diocte
1151 3969 1236 4044 cipere*
1247 3973 1363 4044 μεσότης

220 4049 370 4125 nebim}
392 4054 444 4124 ἕξις
465 4054 595 4127 ὁρίζουσα
613 4060 665 4112 τσῦ
682 4055 794 4120 eddone
813 4053 865 4126 arie
884 4052 1040 4130 ὑσσρβσλήσ
1058 4058 1106 4114 acl
1125 4056 1177 4128 erin
1191 4056 1310 4128 itteram
1322 4061 1362 4132 τῷ

220 4139 271 4208 τῆς
290 4139 443 4210 porricere
458 4140 538 4216 λόγῳ.
565 4143 701 4200 Platarab.
711 4144 750 4198 de
764 4143 865 4200 Virtat.
878 4159 943 4198 mor.
961 4143 1022 4200 vn.
1036 4162 1064 4214 p.
1077 4140 1131 4202 746
1138 4161 1183 4215 ,16.
1205 4143 1263 4200 Cic.
1279 4145 1363 4201 Tne.

220 4222 247 4294 4,
267 4229 311 4296 10,
325 4221 369 4281 46.
384 4225 436 4296 (ib.
447 4229 546 4298 orell.)
563 4229 663 4284 Colum.
675 4230 709 4283 a
719 4229 753 4282 a
764 4228 790 4298 8,
801 4227 827 4284 6.
847 4230 966 4300 interpp.
978 4229 1014 4284 ad
1024 4228 1082 4284 Cic.
1092 4247 1136 4302 pr.
1147 4230 1251 4286 Mnren.
1262 4230 1307 4298 80,
1315 4230 1360 4286 68.

221 4309 359 4366 Eicbatnd.
372 4313 484 4375 Qnaeat.
497 4313 590 4386 philol.
602 4332 674 4385 apoc.
691 4313 796 4386 raptim.
810 4317 843 4369 de
855 4315 982 4368 vocabalo
996 4314 1189 4369 mediocritati·
1210 4309 1359 4374 16111841.

220 4395 286 4452 lnda
297 4395 444 4468 explicabit
454 4399 515 4453 Sat.
531 4402 556 4468 1,
572 4402 597 4466 1,
608 4401 668 4456 106.
686 4403 712 4466 1,
727 4395 762 4456 14
772 4415 813 4469 aq.
830 4399 976 4467 06.1,10,
991 4397 1017 4454 5.
1032 4399 1085 4468 (ib.
1096 4399 1219 4468 Mitacb.)
1234 4406 1263 4453 et
1275 4403 1358 4456 noem.

222 4497 281 4537 ann.
294 4483 329 4538 ad
344 4485 371 4553 6,
384 4480 481 4540 15.16.
500 4483 544 4539 lc.
557 4482 627 4538 Mar.
639 4483 729 4539 aaran
741 4485 822 4555 Opia.
839 4482 867 4537 in
883 4483 971 4554 Trige
986 4499 1078 4556 opnao.
1093 4501 1123 4556 p.
1133 4478 1197 4541 416.
1215 4486 1280 4540 Car.
1294 4486 1359 4540 Paa-

220 4581 279 4626 σστ.
291 4567 329 4623 N.
339 4570 386 4625 61.
