3372 5328
451 1567 1078 1683 COMMENTARII

738 1831 787 1886 IN

191 2029 384 2105 nonuun
400 2031 535 2106 nmo
577 2029 844 2108 uelauomu
865 2031 1077 2124 oumuun
1099 2025 1332 2105 nnuman.

191 2497 293 2597 Haeo
314 2537 445 2617 Epistola
463 2539 493 2598 in
513 2555 631 2602 numero
653 2539 827 2602 familiarium
848 2541 931 2621 quaai
951 2543 1048 2621 posita
1067 2547 1097 2600 at
1115 2537 1250 2619 ponenda
1270 2541 1332 2597 tota

194 2639 336 2700 redundat
356 2639 496 2702 hilaritate
518 2651 549 2702 el
565 2646 642 2723 joco.
685 2643 824 2705 Horatius
853 2645 927 2704 enim
953 2663 1040 2723 quum
1066 2643 1152 2702 Baiae
1177 2641 1235 2717 ire,
1262 2657 1333 2716 qua-

192 2761 255 2802 rum
276 2743 385 2802 balneis
404 2744 445 2803 uti
463 2745 565 2804 aolitus
586 2747 648 2805 erat
654 2785 664 2823 ,
686 2763 738 2825 per
758 2747 926 2808 Antonium
946 2745 1092 2813 Musam,
1112 2744 1252 2803 medicum
1271 2747 1332 2799 tum

192 2843 427 2922 gratiosissimum
449 2851 478 2902 et
498 2847 662 2905 acerrimum
683 2863 818 2924 aquarum
832 2847 997 2922 frigidarum
1016 2865 1178 2920 suasorem,
1196 2847 1255 2922 jam
1275 2861 1334 2900 non

192 2945 310 3020 liceret,
339 2961 392 3022 per
411 2943 530 3004 hiemem
551 2947 615 3004 loca
638 2947 774 3006 maritima
793 2945 903 3006 Veliam
928 2948 973 3007 vel
994 2945 1144 3006 Salernum
1163 2948 1205 3005 ire
1226 2943 1334 3002 comfi-

192 3047 265 3123 tuit,
295 3045 332 3103 ob
352 3063 472 3122 eamque
493 3061 606 3106 eausam
625 3049 798 3108 Numonium
818 3049 918 3108 Valam
938 3049 968 3107 in
992 3047 1131 3108 alterutra
1155 3047 1266 3106 illarum
1284 3063 1335 3103 nr·

192 3149 272 3208 bium
290 3153 341 3206 aut
357 3153 418 3206 tum
438 3156 658 3208 commorantem
675 3157 725 3209 aut
739 3152 769 3209 in
788 3149 837 3209 illo
857 3155 953 3210 tractu
968 3149 1063 3209 villam
1081 3149 1276 3228 poaoidantem
1296 3147 1335 3205 da

192 3258 295 3311 natura
313 3247 386 3308 illiue
406 3249 531 3327 regionis
550 3259 743 3328 percontatur·
786 3249 887 3331 ltaque
908 3269 971 3312 eum
991 3269 1050 3312 non
1070 3252 1132 3310 aine
1152 3250 1275 3329 quadam
1291 3249 1335 3308 ie·

193 3355 268 3415 ativa
290 3351 513 3412 dissimulatione
533 3352 706 3431 interrogat,
730 3371 801 3432 quae
824 3354 942 3414 hiberno
962 3359 1093 3432 tempora
1112 3353 1186 3412 illiua
1206 3351 1333 3430 regionis

194 3457 339 3533 conditio,
368 3455 446 3534 quod
474 3453 511 3512 ibi
531 3453 675 3515 lominum
696 3473 788 3532 genna
808 3457 864 3534 ait,
892 3473 965 3534 quae
983 3456 1029 3514 via
1050 3473 1086 3516 eo
1103 3455 1203 3532 ducat,
1231 3453 1333 3514 illaena

193 3559 279 3620 nobee
303 3575 398 3617 rerum
424 3555 463 3616 ad
486 3555 561 3615 vitae
586 3557 801 3620 commoditates
821 3559 1049 3620 ueoeaaariarum
1073 3558 1156 3638 eopia
1180 3557 1334 3634 gaudeant,

196 3669 259 3721 utra
283 3675 380 3720 earu!
400 3655 466 3737 plna
485 3657 619 3719 frumeuti
639 3659 757 3739 habeat,
786 3661 878 3740 qualia
904 3659 944 3718 ibi
963 3677 1040 3738 aqua
1062 3659 1240 3739 repemina,
1267 3659 1334 3716 uina

195 3764 269 3824 enim
289 3761 365 3821 illiue
386 3777 455 3821 orae
475 3777 508 3820 aa
529 3779 588 3820 non
608 3779 723 3840 curare,
744 3771 810 3823 uter
832 3769 941 3822 traam
962 3760 1059 3840 pluteo
1078 3761 1209 3842 leuaret,
1235 3775 1334 3838 apros,

194 3865 289 3944 piacea
314 3861 381 3922 alat.
435 3861 515 3924 Haec
536 3869 567 3922 et
590 3863 658 3922 talia
677 3863 815 3923 Horatius
835 3883 894 3922 non
915 3869 973 3922 tam
993 3864 1123 3923 unitatis
1148 3879 1233 3940 quam
1253 3859 1335 3918 volu-

194 3967 283 4046 ptam
298 3983 383 4026 eauaa
399 3982 572 4043 eognoaoere
594 3969 671 4041 avet,
691 3971 724 4026 ut
743 3963 820 4026 laute
838 3967 935 4024 uivere
954 3968 984 4024 et
999 3964 1111 4044 pinguia
1132 3963 1201 4024 inde
1222 3962 1334 4022 dommo

194 4065 289 4126 radiae
314 4067 416 4144 pouit.
464 4066 532 4126 ldoo
557 4065 701 4126 hominum
725 4065 962 4145 voluntariorum,
990 4067 1125 4144 impmmia
1150 4063 1273 4140 Maeuii,
1301 4081 1335 4120 ae

195 4167 355 4245 exemplum
374 4168 454 4244 aequi
473 4167 633 4246 profitetur.
676 4165 717 4226 Ut
736 4165 785 4228 ille
805 4167 834 4226 in
854 4185 948 4227 rerum
974 4167 1146 4227 abundantia
1172 4171 1264 4225 cutem
1284 4181 1334 4220 en·

195 4269 318 4346 raverit,
345 4267 374 4326 in
393 4271 511 4348 penuria
532 4269 641 4329 duriter
657 4267 773 4346 vixerit,
800 4267 842 4327 aio
860 4289 893 4330 se
918 4279 1030 4348 quoque
1048 4267 1123 4328 domi
1143 4266 1242 4348 pancio
1264 4283 1335 4324 con·

197 4377 308 4432 tentum
326 4389 391 4430 ease
411 4389 514 4450 poaae,
536 4376 566 4430 at
586 4369 635 4430 ubi
653 4367 723 4430 iouia
744 4369 883 4432 honarum
895 4391 990 4432 rerum
1003 4373 1088 4452 eopia
1107 4367 1162 4429 aulai
1181 4364 1333 4445 affluxerit,

198 4489 291 4532 aarum
318 4490 351 4534 aa
378 4471 492 4532 minime
517 4491 650 4534 uacuare
675 4492 757 4536 uatum
782 4491 817 4534 ac
842 4474 939 4553 potina
968 4473 1069 4537 baama
1090 4469 1255 4552 praedicate
1282 4489 1334 4530 eoa

198 4571 334 4651 affirmat,
360 4571 464 4653 quibua
485 4589 538 4652 pm
558 4573 732 4656 opulentiam
752 4574 862 4636 (lelioiia
882 4575 938 4636 illia
958 4592 1073 4657 temper
1091 4573 1146 4633 frui
1172 4571 1267 4634 duam
1287 4574 1333 4636 ait
