3420 5332
391 529 452 594 386
509 532 1012 597 comusn'r.1Nnos.L113‚t.
1034 527 1430 594 EstsT.ssr'r.DEctst.
1488 533 1528 596 88

390 706 549 764 servantise
576 704 620 763 vei
647 709 780 763 emente
808 703 998 762 venerabundi
1018 702 1127 762 clientis
1156 699 1200 762 rel
1229 701 1321 779 ipsius
1349 699 1462 761 Horatii
1482 721 1530 761 ex.

389 806 520 884 plicands
552 825 602 864 eos
635 804 724 882 sugit,
758 805 806 880 qui
836 825 892 861 suo
921 803 1006 863 scribi
1032 802 1197 862 maluerunt.
1258 801 1302 861 its
1327 800 1419 862 Plane.
1453 803 1530 881 Cep·

390 907 441 969 tir.
462 909 498 981 1,
523 909 558 981 1,
581 903 631 968 24.
654 917 817 985 postquam
837 925 919 962 meus
944 925 996 961 res
1023 915 1065 962 est
1085 905 1200 981 potitus
1221 901 1359 961 hostum.
1389 903 1474 963 ttsrt.
1498 905 1530 980 2,

393 1010 444 1086 18,
465 1009 495 1071 5.
520 1008 595 1066 Sum
613 1029 708 1066 comes
729 1009 791 1084 ipse
814 1017 883 1064 tuus
902 1007 1066 1086 tumidique
1086 1003 1276 1064 anteambulo
1291 1007 1387 1084 regis.-
1416 1005 1462 1062 Tit
1481 1023 1530 1064 co·

390 1130 451 1167 mes
470 1108 594 1167 alterius
610 1109 714 1169 —1d.
733 1110 771 1184 1,
793 1106 851 1184 40,
874 1107 904 1169 9.
930 1129 1028 1166 serum
1052 1117 1094 1165 est
1116 1107 1213 1166 ulium
1230 1105 1306 1165 milri
1325 1127 1464 1188 quaerere
1482 1127 1530 1164 re-

386 1232 466 1291 gem.
504 1212 566 1268 Feo
594 1211 740 1270 commode
767 1211 890 1269 laudavit
918 1209 1028 1267 Colum.
1059 1209 1093 1268 R.
1114 1210 1152 1268 R.
1174 1209 1264 1288 prees.
1287 1211 1320 1281 1,
1345 1212 1376 1272 9.
1403 1210 1459 1268 An
1478 1209 1530 1268 Ιιο-

388 1315 498 1371 metius
519 1313 643 1371 dtlrerim
657 1313 829 1370 mercenarii
839 1310 1011 1368 salutatoris
1024 1311 1282 1368 mendacissimum
1295 1313 1460 1392 aemupsism
1472 1312 1530 1368 cin·

387 1415 610 1474 cumvoiitsntis
638 1413 745 1473 limina
767 1415 966 1490 potentiorum
993 1414 1198 1492 somniumque
1220 1413 1299 1492 regis
1321 1415 1370 1470 sui
1397 1416 1529 1492 marigo-

386 1516 507 1575 rnntis?
540 1517 631 1575 Pisut.
655 1515 744 1574 Stich.
765 1515 796 1589 3,
819 1516 901 1588 2,1.
924 1512 1034 1570 Libros
1054 1517 1169 1592 inspexi
1174 1537 1187 1587 ,·
1217 1525 1281 1573 tam
1300 1515 1416 1589 confido
1437 1535 1530 1595 quam

382 1628 453 1696 pote
474 1628 534 1689 est,
562 1619 617 1675 Me
638 1637 735 1673 meum
754 1615 941 1673 obtenturum
966 1635 1065 1694 regem
1090 1615 1227 1674 ridiculis
1248 1618 1328 1674 meis.
1348 1651 1390 1660 —
1418 1617 1455 1676 V.
1476 1615 1526 1680 44.

387 1720 479 1778 derat
491 1720 664 1796 -ropr'os,
692 1719 712 1775 i.
736 1737 760 1776 e.
784 1718 843 1794 regi
862 1723 911 1775 tuo
932 1718 1108 1795 impudenter
1129 1719 1253 1797 petendo
1273 1726 1452 1796 extorqueas.
1485 1719 1528 1782 ltu

386 1823 552 1899 Hieronym.
572 1821 664 1899 Epist.
686 1819 723 1878 sd
745 1818 991 1882 Eustoch.22.1.
1013 1840 1042 1897 p.
1063 1817 1114 1882 93.
1138 1819 1174 1879 G.
1204 1820 1241 1878 Si
1257 1819 1422 1898 pulvillum
1444 1819 1527 1879 vide-

386 1925 443 1998 rit,
463 1925 491 1981 si
510 1922 634 1980 montiis
647 1920 785 2000 elegans,
806 1923 835 1978 si
852 1919 971 2000 aliquid
986 1921 1158 1980 domesticae
1173 1921 1386 1998 supellectilis,
1407 1921 1527 1992 laudat,

386 2027 530 2101 mirntur,
548 2033 686 2081 attrectat
705 2033 781 2080 etse
801 2021 848 2080 isis
865 2023 998 2103 indigere
1019 2043 1199 2102 conquerens
1218 2042 1278 2080 non
1296 2034 1358 2080 tum
1377 2027 1525 2102 impetret,

385 2147 477 2205 quam
504 2137 671 2204 extorquet,
698 2128 771 2204 quio
796 2125 935 2205 singulus
960 2137 1095 2183 metuunt
1122 2123 1307 2181 veredarium
1329 2121 1412 2180 urbis
1434 2123 1526 2205 offen-

385 2229 461 2286 dere.
497 2227 635 2286 Ammius.
658 2225 784 2284 Marcell.
807 2229 856 2303 16,
878 2229 907 2290 5.
939 2229 1058 2306 Rapere
1067 2267 1078 2297 ,
1100 2228 1216 2305 inquit,
1234 2245 1294 2284 non
1314 2227 1447 2304 accipere
1467 2229 1526 2285 sci-

385 2341 441 2387 unt
456 2339 579 2407 agentes
599 2329 632 2384 irs
651 2327 747 2384 rebus.

467 2447 502 2505 V.
526 2445 577 2509 15.
598 2447 698 2526 Atqui
716 2465 814 2502 rerum
834 2479 876 2488 —
896 2445 945 2504 hic
960 2448 1043 2526 fons.
1079 2443 1188 2524 „Atqui
1207 2446 1277 2504 haec
1297 2453 1358 2505 erat
1378 2447 1467 2506 totius
1485 2449 1525 2506 rei

384 2569 450 2627 pers
471 2548 591 2607 maxims
609 2553 639 2605 et
658 2547 828 2626 praecipua,
856 2546 925 2606 haee
948 2549 1046 2625 origo,
1074 2567 1176 2626 nempe
1196 2566 1256 2606 rem
1277 2567 1357 2606 susm
1379 2548 1453 2608 bene
1473 2569 1524 2626 ge·

384 2671 464 2726 rere,
494 2649 658 2727 locupletari
683 2656 712 2707 et
736 2648 851 2706 dinri.“
896 2649 945 2706 Sic
973 2646 1159 2718 Lambinus,
1187 2668 1307 2724 quocum
1332 2649 1392 2709 iere
1421 2650 1525 2708 iaciunt

390 2752 579 2820 Torrentius,
599 2749 756 2819 Piscator,
777 2747 828 2806 m.
847 2749 1002 2808 Jacobsius
1020 2749 1063 2830 (p.
1088 2751 1165 2828 86),
1197 2751 1329 2810 Oreiiius
1337 2794 1349 2823 ‚
1376 2751 1523 2824 Diiretser,

383 2854 446 2931 elii,
480 2855 520 2911 ite
546 2858 591 2953 ut¹
608 2869 654 2913 vr.
684 2862 776 2929 caput
795 2849 851 2909 lsoc
877 2853 915 2911 sd
941 2873 986 2913 rr.
1018 2851 1092 2930 pius
1119 2855 1214 2930 serent
1242 2855 1399 2914 reserantur
1422 2861 1453 2913 et
1478 2853 1525 2910 di-

383 2956 606 3033 stot—ropiat
623 2972 675 3032 per
692 2949 868 3036 ἓπεξήγησιν
888 2955 1055 3034 interposite
1076 2956 1274 3017 existimentur.
1307 2953 1437 3034 [,‚Quum
1455 2975 1524 3034 pos-

382 3061 422 3118 sis
441 3059 476 3116 eb
494 3059 584 3116 amico
605 3075 716 3115 sumere
735 3057 892 3135 pudenter,
913 3064 991 3118 certe
1004 3079 1062 3117 uon
1074 3057 1162 3118 debes
1176 3057 1343 3119 recusarei!
1378 3057 1454 3118 Nem
1470 3057 1525 3118 huc

381 3179 479 3219 omnes
492 3161 618 3219 actiones
631 3159 797 3218 referendae
811 3167 891 3234 sunt,
907 3169 937 3220 ut
951 3161 1073 3220 ditescas
1087 3167 1117 3218 et
1130 3161 1251 3220 suaviter
1265 3181 1282 3220 e
1295 3160 1399 3220 divitiis
1413 3161 1524 3220 vires.'‘

381 3261 536 3337 Picentem]
573 3259 627 3318 Atti
648 3258 762 3337 (quibus
784 3261 845 3339 ipse
867 3261 930 3321 olim
950 3263 980 3321 iu
996 3263 1042 3322 ed.
1068 3261 1217 3320 Schmidii
1237 3281 1370 3322 assensus
1384 3261 1470 3341 sum),
1491 3268 1524 3321 ut

384 3362 484 3421 Seirai.
500 3363 604 3440 Cruq„
622 3361 783 3441 Cruquius,
796 3361 949 3434 Lubinus,
961 3363 1153 3441 Despresius,
1165 3363 1327 3435 Dacerius,
1338 3363 1524 3444 Deerimgius

379 3465 465 3524 verbs
485 3465 651 3544 interpositu
671 3483 723 3542 pro
744 3471 898 3542 praecepto
917 3463 1023 3524 hebent
1049 3485 1112 3523 cum
1133 3466 1283 3525 ditioribus
1304 3468 1402 3525 amicis
1423 3473 1522 3545 patro-

379 3567 479 3642 nisque
500 3565 634 3626 decenter
647 3567 793 3640 versandi,
814 3566 844 3623 id
864 3565 941 3642 quod
961 3567 1122 3640 swdestia,
1142 3571 1161 3626 i.
1183 3588 1209 3629 e.
1229 3568 1369 3648 pudenter
1385 3567 1521 3627 sumendo

379 3668 470 3734 done.
489 3686 547 3725 uon
567 3668 713 3745 poscendo
734 3669 793 3726 flet.
839 3667 931 3727 Alium
948 3669 1007 3744 jam
1028 3670 1088 3728 fieri
1108 3673 1318 3730 euuucistorum
1339 3671 1521 3750 compositio·

378 3787 443 3828 nem
465 3767 548 3826 iscile
569 3766 738 3847 apperet*).
783 3768 879 3844 Quid,
903 3772 980 3848 quod
1005 3770 1211 3850 Haberfiidus
1236 3775 1326 3853 ipsum
1355 3773 1469 3830 modum
1493 3775 1523 3829 et

460 4051 491 4130 *J
513 4061 583 4113 tom.
609 4059 763 4114 Tunstodus
778 4077 825 4115 sns
845 4060 1041 4130 interrogative
1055 4059 1233 4132 distinguendi
1253 4063 1358 4118 ustione
1377 4061 1428 4115 hoe
1448 4057 1520 4114 efflet

377 4146 448 4199 vult:
466 4145 581 4214 „Corum
592 4162 657 4213 rege
671 4161 718 4198 suo
729 4147 788 4218 plns
803 4148 872 4199 teret
881 4146 1034 4218 Aristippus
1049 4157 1157 4218 tseem,
1172 4163 1248 4218 quem
1259 4146 1376 4218 Cynicus
1388 4143 1519 4219 poscens?

376 4229 458 4302 Atqui
473 4229 496 4283 si
510 4229 560 4284 hoe
575 4232 719 4298 concedes,
735 4229 857 4286 concedis
873 4231 943 4301 quod
955 4233 1120 4302 qusentur.“
1149 4235 1329 4287 Reetssutem
1351 4230 1518 4285 Bottiuiro·

377 4315 436 4368 nice
450 4315 548 4369 dictum
562 4323 658 4389 putet,
675 4316 749 4386 qussi
763 4335 814 4370 non
829 4315 906 4370 slism
921 4317 954 4370 ob
969 4334 1072 4371 esussm
1084 4319 1248 4388 potentiores
1263 4337 1280 4372 s
1294 4333 1421 4389 quoquam
1439 4329 1518 4384 expe·

377 4407 487 4466 tantur,
503 4417 578 4476 quem
592 4407 621 4454 ut
635 4401 669 4454 nb
684 4401 717 4456 ils
731 4403 855 4456 iurentur
869 4401 990 4474 doneque
1001 4405 1144 4473 accipient.
1173 4403 1358 4474 sequetem
1371 4418 1419 4472 pro
1435 4397 1518 4454 ested

377 4483 465 4551 spot.
479 4487 525 4554 17,
543 4488 588 4540 60.
606 4484 660 4538 diei
675 4488 815 4556 opinetur,
830 4486 858 4541 in
877 4504 909 4541 eo
927 4488 1015 4558 lapsus
1034 4505 1092 4542 esse
1109 4487 1224 4545 ridetur.
1262 4487 1401 4552 Quomodo
1417 4487 1520 4540 Seuere

379 4583 433 4621 rem
444 4582 515 4622 susm
532 4569 665 4624 meliorem
674 4570 869 4644 auctioremque
880 4573 997 4642 efficiet,
1012 4573 1161 4644 Rsppottus
1173 4575 1215 4645 (p.
1232 4573 1298 4642 7⁸3)
1314 4589 1362 4625 sex
1374 4577 1517 4644 praecepte
