3430 5324
354 491 416 557 132
444 487 727 556 COMMENTARII
741 491 786 554 IN
800 489 1091 556 nonantulae
1106 487 1232 555 EPIST.
1243 489 1423 556 Duonnc.
1452 495 1514 562 182

353 685 379 744 ei
401 683 451 759 id,
480 681 557 742 unde
580 684 691 754 utatur,
719 686 849 760 paratum
870 681 926 759 sit,
957 680 1028 739 satis
1050 698 1195 759 superque
1213 677 1337 755 haheat,
1365 681 1517 742 adrerum

352 790 448 844 autern
468 785 594 842 fructum
616 785 641 841 si
662 787 781 844 accedat
801 784 878 842 bona
899 782 1047 858 valetudo,
1074 801 1111 841 ne
1131 781 1245 860 regales
1267 783 1382 860 quidem
1402 783 1518 844 divitias

352 888 481 966 potiores
503 903 568 943 esse
586 884 743 946 habendas.
773 886 839 946 Jam
859 886 1017 964 prudenter
1037 887 1171 962 tectaque
1192 885 1335 961 significat
1352 883 1456 962 Poeta,
1483 904 1519 945 ex

353 989 428 1048 Iccio
448 989 513 1065 ipso
532 1003 638 1064 magna
654 987 846 1064 nasci-bona,
868 1005 972 1064 quum,
1000 985 1030 1045 id
1051 986 1130 1062 quod
1150 986 1181 1044 in
1201 983 1367 1045 Democrito
1386 988 1519 1047 admirati

354 1091 412 1149 siut
426 1089 555 1148 homines
573 1089 697 1148 mimum
713 1089 823 1149 scilicet
836 1087 1034 1168 philosophiae
1051 1088 1133 1146 unice
1149 1088 1300 1164 intentum,
1319 1093 1349 1147 et
1365 1089 1427 1167 ipse
1441 1088 1518 1150 inter

353 1191 543 1252 necessarium
560 1211 624 1250 cnm
640 1189 799 1251 hominibus
816 1191 858 1249 rei
876 1191 1056 1269 quaerendae
1072 1187 1181 1266 cupidis
1200 1189 1400 1248 commercium
1415 1207 1433 1247 a
1447 1207 1519 1248 con-

353 1294 538 1373 templatione
557 1311 653 1352 rerum
671 1293 838 1354 coelestium
863 1313 895 1352 se
916 1291 1020 1352 abduci
1042 1309 1101 1348 non
1120 1291 1256 1370 patiatur.
1299 1287 1414 1350 Deinde
1438 1291 1518 1350 facta

354 1395 483 1473 Pompeji
504 1393 632 1472 Grosphi
657 1397 801 1454 mentione
822 1400 853 1453 et
873 1393 1119 1453 commendatione
1144 1393 1265 1450 amicum
1289 1391 1327 1450 de
1348 1391 1435 1452 rebus
1454 1393 1517 1452 Ro-

353 1483 456 1573 manis,
475 1498 496 1558 i.
514 1515 541 1554 e.
562 1494 655 1554 tribus
675 1497 802 1554 victoriis
820 1495 1014 1572 amplissimis,
1036 1494 1219 1572 Cantabrica,
1241 1491 1410 1554 Armeniaca
1431 1495 1517 1554 etde

352 1619 488 1678 agrorum
509 1597 670 1656 italicorum
689 1597 821 1656 ubertate
841 1597 910 1655 facit
932 1597 1090 1656 certiorem.

438 1698 529 1759 Aliter
548 1704 643 1758 antem
664 1699 701 1758 de
720 1698 776 1758 hoc
795 1696 879 1774 hujus
898 1698 1047 1779 Epistolse
1066 1701 1234 1776 argumento
1256 1701 1387 1757 statuunt
1405 1696 1424 1755 ii
1434 1737 1445 1775 ,
1467 1699 1517 1774 qui

351 1803 443 1864 tribus
462 1802 517 1860 illis
535 1801 702 1861 Scholiastis
723 1801 802 1860 dicto
821 1799 971 1860 audientes
992 1799 1097 1858 Iccium
1118 1802 1156 1860 dc
1177 1819 1229 1862 sua
1248 1799 1429 1878 querulitate,
1449 1817 1516 1856 ara·

352 1907 434 1982 sitia,
457 1903 647 1962 inconstantia
668 1908 699 1962 et
723 1919 798 1979 quae
820 1907 887 1960 sunt
907 1901 1103 1980 hujuscemodi
1130 1902 1232 1962 leviter
1256 1903 1380 1961 derideri
1405 1907 1515 1980 putant.

351 2007 481 2067 Hominis
501 2023 597 2063 mores
615 2005 680 2083 plus
693 2023 786 2082 aequo
801 2003 980 2064 adumbrarit
996 2003 1131 2064 sordidos
1149 2003 1358 2073 Wislondaa,
1379 2003 1410 2061 in
1425 2005 1516 2080 majus

351 2109 451 2170 extudit
469 2107 669 2186 Bomagiros,
691 2107 773 2164 aliter
793 2107 831 2164 de
847 2105 882 2164 iis
900 2105 992 2164 sensit
1004 2105 1169 2177 Gesner-ac,
1190 2115 1221 2167 st
1234 2107 1271 2165 de
1284 2104 1400 2165 erimine
1416 2103 1516 2164 talium

350 2231 446 2272 rerum
465 2215 582 2290 praeter
598 2214 710 2266 ceteros
730 2205 834 2264 Iccium
855 2205 939 2283 plene
962 2205 1091 2268 defendit
1115 2211 1170 2267 Fi.
1194 2206 1356 2266 Jacobsiuc
1377 2203 1425 2286 (V.
1444 2226 1475 2284 p.
1494 2205 1516 2268 3

228 2333 239 2344 ·
350 2311 468 2389 -30).
490 2312 525 2372 In
544 2309 713 2370 sententiam
734 2305 793 2366 Vni
815 2307 917 2365 summi
937 2310 1058 2385 pedibus
1079 2311 1158 2372 isere
1182 2308 1369 2380 Schmidsisc,
1388 2308 1516 2366 Braun-

349 2412 480 2485 burdns,
499 2409 645 2480 Orellius,
661 2408 846 2471 Dr'c'ntzerrcs.
865 2407 974 2468 Dubito
986 2418 1091 2488 autem,
1105 2433 1174 2472 num
1187 2415 1258 2472 satis
1273 2416 1353 2470 caute
1366 2415 1516 2489 postrema

349 2515 466 2594 quidem
486 2511 575 2571 verba
595 2513 744 2592 scripserit
768 2511 1020 2572 Walckenaerius
1040 2513 1089 2593 (II.
1111 2534 1141 2592 p.
1158 2514 1260 2593 171.):
1283 2511 1395 2590 „Iccius
1416 2509 1516 2573 s'etsit

348 2618 440 2696 plaint
453 2635 510 2692 que
521 2614 550 2672 la
563 2613 645 2690 place
659 2614 727 2692 qu'il
740 2613 913 2693 rempIIssait
930 2614 969 2674 lui
981 2616 1051 2674 etait
1065 2614 1290 2678 mediocrement
1306 2609 1469 2692 profitable,
1483 2618 1515 2672 et

349 2717 453 2797 qu’elle
467 2717 494 2776 le
510 2717 674 2776 de'tournait
691 2717 728 2775 de
749 2715 857 2776 I’etude
872 2717 910 2776 de
928 2715 956 2774 la
973 2714 1171 2796 philosophie;
1192 2716 1267 2778 c’est
1283 2719 1302 2779 a
1317 2719 1384 2797 quoi
1397 2715 1515 2776 Horace

348 2819 472 2900 repond.
488 2815 583 2877 Avant
597 2819 633 2876 de
647 2818 862 2878 recommendet
871 2817 1034 2896 Grosphus,
1048 2815 1068 2876 il
1080 2823 1149 2876 veut
1162 2819 1284 2897 profiter
1297 2823 1334 2881 de
1349 2819 1516 2898 I’occasion,

348 2939 422 3001 pour
449 2925 554 2980 mettre
581 2914 751 2979 l'Intendant
781 2919 942 3002 d'Agrippa
963 2939 1000 2978 en
1020 2919 1110 2998 garde
1130 2925 1231 2981 contre
1251 2921 1458 2984 l'inconstance
1475 2913 1516 2980 ⁴de

348 3043 404 3082 son
423 3022 513 3102 esprit
533 3030 563 3082 et
583 3023 610 3082 le
630 3023 776 3102 pre‘munir
797 3031 895 3082 contre
916 3023 944 3084 le
962 3027 1029 3101 trop
1050 3021 1144 3100 grand
1161 3021 1240 3081 desit
1260 3023 1329 3101 qu'il
1348 3045 1367 3082 a
1384 3024 1421 3084 de
1437 3022 1515 3084 s'en-

348 3125 433 3184 richir
452 3125 696 3205 promptement.“
716 3125 857 3202 Equidem
879 3125 1059 3199 crediderim,
1080 3123 1153 3183 tales
1174 3124 1306 3202 querelas
1327 3125 1435 3202 optimo
1455 3125 1516 3182 cui-

349 3243 404 3301 que
420 3227 459 3284 ad
475 3233 590 3304 tempus
606 3226 735 3286 excidere
749 3227 866 3302 homini,
889 3245 963 3302 quae
983 3245 1021 3285 ne
1041 3226 1072 3284 in
1091 3225 1182 3305 ipsius
1197 3244 1292 3285 mores
1312 3226 1516 3305 ingeniumque

348 3324 558 3386 transferantur
578 3345 755 3405 magnopere
774 3327 932 3387 cavendum
951 3335 1006 3388 est.

432 3425 540 3487 Iccium
561 3433 657 3489 autem
687 3412 808 3489 eundem
833 3449 915 3506 esse,
944 3432 988 3488 cui
1011 3415 1126 3489 carmen
1147 3432 1186 3505 1,
1208 3428 1259 3494 29.
1280 3429 1449 3512 inscriptum
1466 3429 1516 3510 sit,

348 3545 448 3586 omnes
464 3527 511 3586 hic
532 3533 675 3591 testantur
689 3529 877 3608 scholiastae,
900 3551 916 3588 e
938 3532 1041 3608 quihus
1060 3531 1236 3591 scholiastes
1251 3529 1342 3611 Cruq.
1364 3535 1516 3593 memoriae

347 3629 476 3710 prodidit
491 3628 609 3689 haecce:
640 3629 708 3708 „Ad
726 3633 832 3694 Iccium
854 3641 1068 3714 procuratorem
1085 3631 1232 3713 Agrippae
1249 3633 1280 3692 in
1296 3635 1392 3692 Sicilia
1408 3633 1515 3692 consti·

346 3737 451 3812 tntum,
472 3735 510 3792 de
528 3751 584 3810 quo
603 3731 644 3790 ait
658 3733 689 3790 in
700 3730 784 3811 Odia,
806 3733 864 3794 Icci
882 3735 975 3797 beatis
993 3755 1069 3795 nnnc
1080 3733 1208 3796 Arabum
1224 3733 1332 3794 inrides
1351 3737 1430 3813 gazis
1445 3741 1515 3814 eta,

347 3835 401 3895 sed
421 3841 454 3895 ut
473 3835 529 3896 illic
551 3831 736 3913 cupiditatem
757 3837 818 3915 ejus
846 3839 1031 3918 perstrinxit,
1060 3839 1100 3896 ita
1120 3837 1165 3898 hic
1184 3837 1386 3918 parcimoniam
1406 3835 1514 3912 laudat,

347 3935 401 3996 sed
422 3957 486 3996 cum
503 3935 726 3996 mordacitate.“
752 3937 858 4000 Iccium
879 3939 954 4002 hune
975 3939 1118 4000 diversum
1137 3957 1201 4000 esse
1221 3959 1240 4000 a
1259 3939 1300 4000 Μ.
1321 3937 1409 4015 Iccio,
1429 3957 1516 4017 prae·

345 4046 411 4099 tore
430 4055 458 4100 a.
479 4056 508 4098 u.
529 4039 621 4114 710,
648 4041 693 4108 cui
720 4041 816 4102 Sicilia
843 4043 991 4122 provincia
1019 4043 1158 4104 sortiente
1183 4041 1225 4102 Μ.
1247 4040 1373 4102 Antonio
1397 4037 1515 4100 conmle

346 4140 486 4219 obtigerit
506 4139 581 4218 (Cic.
601 4139 725 4221 Philipp.
747 4141 779 4218 3,
806 4143 858 4220 10,
879 4144 957 4224 aa),
983 4149 1063 4204 recte
1085 4143 1219 4204 observat
1237 4139 1370 4203 Onllius
1388 4143 1418 4201 in
1433 4139 1514 4200 Ono-

346 4243 468 4300 mastico
479 4239 614 4301 Tulliano
635 4241 684 4318 (II.
696 4263 725 4320 p.
738 4239 836 4322 295).
866 4245 933 4314 Quo
955 4251 1047 4305 autem
1063 4245 1283 4326 propinquitatis
1304 4243 1415 4304 rincnlo
1434 4247 1514 4301 uter-

349 4360 405 4419 que
425 4341 481 4412 sibi
501 4343 668 4420 conjunctus
689 4343 794 4422 fuerit,
815 4345 847 4402 id
865 4345 979 4408 minime
999 4355 1121 4408 constat
1162 4347 1328 4406 Massurius
1348 4343 1418 4424 (Vri.
1439 4341 1513 4404 Hor.

349 4461 380 4520 p.
399 4443 497 4522 201),
509 4441 706 4516 Sonadomoc,
722 4443 901 4528 Dorighello
921 4449 996 4510 hunc
1012 4469 1065 4528 pro
1083 4448 1142 4510 filio
1161 4447 1203 4510 Μ.
1219 4448 1294 4510 illius
1309 4448 1376 4510 Iccii
1395 4445 1513 4508 habent.

351 4541 399 4602 De
420 4545 557 4608 varietate
574 4547 696 4608 nominis
717 4545 806 4622 Iocis',
832 4549 889 4610 lcii
907 4553 968 4614 sire
987 4549 1058 4614 loss
1074 4555 1145 4634 post
1171 4549 1421 4620 Torrentirmad
1441 4547 1470 4611 h.
1491 4546 1512 4607 l.
