<?xml version="1.0" encoding="UTF-8"?>
<!DOCTYPE html PUBLIC "-//W3C//DTD XHTML 1.0 Transitional//EN"
    "http://www.w3.org/TR/xhtml1/DTD/xhtml1-transitional.dtd">
<html xmlns="http://www.w3.org/1999/xhtml" xml:lang="en" lang="en">
 <head>
  <title>
</title>
<meta http-equiv="Content-Type" content="text/html;charset=utf-8" />
  <meta name='ocr-system' content='tesseract 3.04.00' />
  <meta name='ocr-capabilities' content='ocr_page ocr_carea ocr_par ocr_line ocrx_word'/>
</head>
<body>
  <div class='ocr_page' id='page_1' title='image "./quintihoratiifl00schmgoog_0319.png"; bbox 0 0 3380 5324; ppageno 0'>
   <div class='ocr_carea' id='block_1_1' title="bbox 367 497 1507 570">
    <p class='ocr_par' dir='ltr' id='par_1_1' title="bbox 367 497 1507 570">
     <span class='ocr_line' id='line_1_1' title="bbox 367 497 1507 570; baseline 0.009 -9"><span class='ocrx_word' id='word_1_1' title='bbox 367 497 429 562; x_wconf 88' lang='grc'><em>308</em></span> <span class='ocrx_word' id='word_1_2' title='bbox 476 499 689 561; x_wconf 78' lang='lat' dir='ltr'><em>COMMENT.</em></span> <span class='ocrx_word' id='word_1_3' title='bbox 704 499 747 560; x_wconf 80' lang='lat' dir='ltr'><em>ln</em></span> <span class='ocrx_word' id='word_1_4' title='bbox 762 498 855 560; x_wconf 77' lang='grc' dir='ltr'><strong>ΗΘΒ.</strong></span> <span class='ocrx_word' id='word_1_5' title='bbox 870 497 980 560; x_wconf 73' lang='grc'><strong>11111.</strong></span> <span class='ocrx_word' id='word_1_6' title='bbox 1000 499 1125 562; x_wconf 76' lang='lat' dir='ltr'><em>nrls&#39;r.</em></span> <span class='ocrx_word' id='word_1_7' title='bbox 1140 499 1397 564; x_wconf 63' lang='lat' dir='ltr'><em>sunonem.</em></span> <span class='ocrx_word' id='word_1_8' title='bbox 1447 503 1507 570; x_wconf 76' lang='lat'><em>148</em></span> 
     </span>
    </p>
   </div>
   <div class='ocr_carea' id='block_1_2' title="bbox 270 665 1543 3516">
    <p class='ocr_par' dir='ltr' id='par_1_2' title="bbox 324 665 1507 1376">
     <span class='ocr_line' id='line_1_2' title="bbox 324 665 1506 770; baseline 0.003 -22"><span class='ocrx_word' id='word_1_9' title='bbox 324 665 327 672; x_wconf 23' lang='grc' dir='ltr'>Ι</span> <span class='ocrx_word' id='word_1_10' title='bbox 365 689 451 766; x_wconf 87' lang='lat' dir='ltr'><em>dieat,</em></span> <span class='ocrx_word' id='word_1_11' title='bbox 473 695 505 748; x_wconf 89' lang='lat' dir='ltr'><em>tu</em></span> <span class='ocrx_word' id='word_1_12' title='bbox 525 687 635 746; x_wconf 85' lang='lat' dir='ltr'><em>tibimet</em></span> <span class='ocrx_word' id='word_1_13' title='bbox 656 685 711 763; x_wconf 92' lang='lat' dir='ltr'><em>ipsi</em></span> <span class='ocrx_word' id='word_1_14' title='bbox 733 686 897 764; x_wconf 78' lang='lat' dir='ltr'><strong>gliscentem</strong></span> <span class='ocrx_word' id='word_1_15' title='bbox 917 686 1033 746; x_wconf 88' lang='lat' dir='ltr'><em>honoris</em></span> <span class='ocrx_word' id='word_1_16' title='bbox 1055 686 1161 748; x_wconf 84' lang='lat' dir='ltr'><em>aliusve</em></span> <span class='ocrx_word' id='word_1_17' title='bbox 1181 689 1223 748; x_wconf 88' lang='lat' dir='ltr'><em>rei</em></span> <span class='ocrx_word' id='word_1_18' title='bbox 1244 692 1428 770; x_wconf 75' lang='lat' dir='ltr'><strong>cupiditatem</strong></span> <span class='ocrx_word' id='word_1_19' title='bbox 1447 695 1506 752; x_wconf 87' lang='lat' dir='ltr'><em>dis·</em></span> 
     </span>
     <span class='ocr_line' id='line_1_3' title="bbox 366 788 1506 872; baseline 0.004 -22"><span class='ocrx_word' id='word_1_20' title='bbox 366 791 491 863; x_wconf 81' lang='lat' dir='ltr'><em>simules,</em></span> <span class='ocrx_word' id='word_1_21' title='bbox 513 791 603 848; x_wconf 87' lang='lat' dir='ltr'><em>donec</em></span> <span class='ocrx_word' id='word_1_22' title='bbox 622 789 685 866; x_wconf 88' lang='lat' dir='ltr'><em>ipsa</em></span> <span class='ocrx_word' id='word_1_23' title='bbox 705 789 732 845; x_wconf 85' lang='lat' dir='ltr'><em>ri</em></span> <span class='ocrx_word' id='word_1_24' title='bbox 754 808 805 848; x_wconf 90' lang='lat' dir='ltr'><em>sua</em></span> <span class='ocrx_word' id='word_1_25' title='bbox 825 796 855 849; x_wconf 92' lang='lat' dir='ltr'><em>te</em></span> <span class='ocrx_word' id='word_1_26' title='bbox 876 789 1022 867; x_wconf 79' lang='lat' dir='ltr'><em>subigat.“</em></span> <span class='ocrx_word' id='word_1_27' title='bbox 1064 788 1121 850; x_wconf 89' lang='lat' dir='ltr'><em>Pro</em></span> <span class='ocrx_word' id='word_1_28' title='bbox 1142 808 1175 848; x_wconf 87' lang='lat' dir='ltr'><em>re</em></span> <span class='ocrx_word' id='word_1_29' title='bbox 1196 797 1289 852; x_wconf 86' lang='lat' dir='ltr'><em>autem</em></span> <span class='ocrx_word' id='word_1_30' title='bbox 1309 795 1391 871; x_wconf 90' lang='lat' dir='ltr'><em>ponit</em></span> <span class='ocrx_word' id='word_1_31' title='bbox 1407 795 1506 872; x_wconf 81' lang='lat' dir='ltr'><em>inrugi-</em></span> 
     </span>
     <span class='ocr_line' id='line_1_4' title="bbox 366 889 1507 973; baseline 0.003 -22"><span class='ocrx_word' id='word_1_32' title='bbox 366 911 464 952; x_wconf 84' lang='lat' dir='ltr'><em>nema</em></span> <span class='ocrx_word' id='word_1_33' title='bbox 487 889 713 949; x_wconf 73' lang='lat' dir='ltr'>febricitantibus</span> <span class='ocrx_word' id='word_1_34' title='bbox 733 892 919 969; x_wconf 84' lang='lat' dir='ltr'><em>desumptam,</em></span> <span class='ocrx_word' id='word_1_35' title='bbox 944 893 987 951; x_wconf 89' lang='lat' dir='ltr'><em>cui</em></span> <span class='ocrx_word' id='word_1_36' title='bbox 1008 891 1099 952; x_wconf 86' lang='lat' dir='ltr'><em>locum</em></span> <span class='ocrx_word' id='word_1_37' title='bbox 1121 913 1294 952; x_wconf 88' lang='lat' dir='ltr'><em>communem</em></span> <span class='ocrx_word' id='word_1_38' title='bbox 1314 895 1398 954; x_wconf 78' lang='lat' dir='ltr'>simili</span> <span class='ocrx_word' id='word_1_39' title='bbox 1421 915 1507 973; x_wconf 79' lang='lat' dir='ltr'><em>argu-</em></span> 
     </span>
     <span class='ocr_line' id='line_1_5' title="bbox 364 988 1505 1074; baseline 0.006 -24"><span class='ocrx_word' id='word_1_40' title='bbox 364 999 463 1052; x_wconf 86' lang='lat' dir='ltr'><em>mento</em></span> <span class='ocrx_word' id='word_1_41' title='bbox 481 993 663 1069; x_wconf 85' lang='lat' dir='ltr'><em>conspicuum</em></span> <span class='ocrx_word' id='word_1_42' title='bbox 685 1011 712 1050; x_wconf 86' lang='lat' dir='ltr'><em>r.</em></span> <span class='ocrx_word' id='word_1_43' title='bbox 736 988 786 1056; x_wconf 81' lang='lat'><em>24.</em></span> <span class='ocrx_word' id='word_1_44' title='bbox 807 994 947 1072; x_wconf 81' lang='lat' dir='ltr'><em>adiungit.</em></span> <span class='ocrx_word' id='word_1_45' title='bbox 989 992 1044 1052; x_wconf 81' lang='lat' dir='ltr'><em>etii</em></span> <span class='ocrx_word' id='word_1_46' title='bbox 1066 993 1165 1072; x_wconf 83' lang='lat' dir='ltr'><em>aliter,</em></span> <span class='ocrx_word' id='word_1_47' title='bbox 1186 1013 1303 1073; x_wconf 87' lang='lat' dir='ltr'><em>quorum</em></span> <span class='ocrx_word' id='word_1_48' title='bbox 1322 998 1419 1056; x_wconf 84' lang='lat' dir='ltr'><em>toedet</em></span> <span class='ocrx_word' id='word_1_49' title='bbox 1437 1017 1505 1074; x_wconf 88' lang='lat' dir='ltr'><em>per-</em></span> 
     </span>
     <span class='ocr_line' id='line_1_6' title="bbox 365 1094 1506 1171; baseline 0.004 -21"><span class='ocrx_word' id='word_1_50' title='bbox 365 1111 461 1152; x_wconf 83' lang='lat' dir='ltr'><em>versae</em></span> <span class='ocrx_word' id='word_1_51' title='bbox 482 1111 633 1152; x_wconf 89' lang='lat' dir='ltr'><em>recensere</em></span> <span class='ocrx_word' id='word_1_52' title='bbox 658 1095 815 1171; x_wconf 81' lang='lat' dir='ltr'>opiniones.</span> <span class='ocrx_word' id='word_1_53' title='bbox 844 1097 944 1154; x_wconf 88' lang='lat' dir='ltr'><em>Seuec.</em></span> <span class='ocrx_word' id='word_1_54' title='bbox 967 1097 1003 1154; x_wconf 86' lang='lat' dir='ltr'><em>de</em></span> <span class='ocrx_word' id='word_1_55' title='bbox 1024 1094 1133 1171; x_wconf 84' lang='lat' dir='ltr'><em>Tranq.</em></span> <span class='ocrx_word' id='word_1_56' title='bbox 1155 1112 1201 1155; x_wconf 81' lang='lat' dir='ltr'><em>en.</em></span> <span class='ocrx_word' id='word_1_57' title='bbox 1225 1099 1252 1158; x_wconf 97' lang='grc'><em>1.</em></span> <span class='ocrx_word' id='word_1_58' title='bbox 1295 1097 1374 1154; x_wconf 86' lang='lat' dir='ltr'><em>Puto</em></span> <span class='ocrx_word' id='word_1_59' title='bbox 1395 1095 1506 1154; x_wconf 69' lang='lat' dir='ltr'><em>mulus</em></span> 
     </span>
     <span class='ocr_line' id='line_1_7' title="bbox 363 1195 1504 1274; baseline 0.002 -20"><span class='ocrx_word' id='word_1_60' title='bbox 363 1195 408 1255; x_wconf 85' lang='lat' dir='ltr'><em>ud</em></span> <span class='ocrx_word' id='word_1_61' title='bbox 427 1197 603 1274; x_wconf 83' lang='lat' dir='ltr'><em>sapientiam</em></span> <span class='ocrx_word' id='word_1_62' title='bbox 620 1199 753 1274; x_wconf 83' lang='lat' dir='ltr'><em>potuisse</em></span> <span class='ocrx_word' id='word_1_63' title='bbox 767 1198 942 1274; x_wconf 75' lang='lat' dir='ltr'><em>pervenire,</em></span> <span class='ocrx_word' id='word_1_64' title='bbox 962 1229 1006 1240; x_wconf 92' lang='lat'><em>-</em></span> <span class='ocrx_word' id='word_1_65' title='bbox 1024 1229 1068 1241; x_wconf 90' lang='lat'><em>-</em></span> <span class='ocrx_word' id='word_1_66' title='bbox 1088 1198 1149 1253; x_wconf 88' lang='lat' dir='ltr'><em>nisi</em></span> <span class='ocrx_word' id='word_1_67' title='bbox 1166 1197 1315 1274; x_wconf 85' lang='lat' dir='ltr'><em>quaedam</em></span> <span class='ocrx_word' id='word_1_68' title='bbox 1335 1199 1370 1256; x_wconf 84' lang='lat' dir='ltr'><em>in</em></span> <span class='ocrx_word' id='word_1_69' title='bbox 1388 1218 1419 1255; x_wconf 88' lang='lat' dir='ltr'><em>se</em></span> <span class='ocrx_word' id='word_1_70' title='bbox 1440 1198 1504 1256; x_wconf 79' lang='lat' dir='ltr'><em>dis·</em></span> 
     </span>
     <span class='ocr_line' id='line_1_8' title="bbox 363 1296 1505 1376; baseline 0.002 -21"><span class='ocrx_word' id='word_1_71' title='bbox 363 1298 566 1370; x_wconf 71' lang='lat' dir='ltr'><em>simutauent,</em></span> <span class='ocrx_word' id='word_1_72' title='bbox 585 1299 734 1376; x_wconf 77' lang='lat' dir='ltr'><em>quaedam</em></span> <span class='ocrx_word' id='word_1_73' title='bbox 754 1301 865 1376; x_wconf 75' lang='lat' dir='ltr'><em>apertis</em></span> <span class='ocrx_word' id='word_1_74' title='bbox 884 1296 979 1356; x_wconf 86' lang='lat' dir='ltr'><em>oculis</em></span> <span class='ocrx_word' id='word_1_75' title='bbox 996 1296 1202 1360; x_wconf 67' lang='lat' dir='ltr'><em>uomitusent.</em></span> <span class='ocrx_word' id='word_1_76' title='bbox 1226 1331 1263 1343; x_wconf 88' lang='lat'>—</span> <span class='ocrx_word' id='word_1_77' title='bbox 1282 1329 1325 1344; x_wconf 88' lang='lat'><em>--</em></span> <span class='ocrx_word' id='word_1_78' title='bbox 1349 1299 1424 1376; x_wconf 78' lang='lat' dir='ltr'><em>Quis</em></span> <span class='ocrx_word' id='word_1_79' title='bbox 1445 1320 1505 1357; x_wconf 85' lang='lat' dir='ltr'><em>non</em></span> 
     </span>
    </p>

    <p class='ocr_par' dir='ltr' id='par_1_3' title="bbox 270 1399 1543 3516">
     <span class='ocr_line' id='line_1_9' title="bbox 363 1399 1505 1480; baseline 0.004 -24"><span class='ocrx_word' id='word_1_80' title='bbox 363 1402 440 1458; x_wconf 87' lang='lat' dir='ltr'><em>inter</em></span> <span class='ocrx_word' id='word_1_81' title='bbox 459 1399 652 1458; x_wconf 72' lang='lat' dir='ltr'><em>laudantium</em></span> <span class='ocrx_word' id='word_1_82' title='bbox 673 1400 948 1480; x_wconf 75' lang='lat' dir='ltr'><em>blandientiumque</em></span> <span class='ocrx_word' id='word_1_83' title='bbox 959 1402 1078 1478; x_wconf 84' lang='lat' dir='ltr'><em>post&#39;tus</em></span> <span class='ocrx_word' id='word_1_84' title='bbox 1096 1421 1202 1479; x_wconf 71' lang='lat' dir='ltr'><em>greges</em></span> <span class='ocrx_word' id='word_1_85' title='bbox 1220 1401 1387 1480; x_wconf 88' lang='lat' dir='ltr'><em>plurimum</em></span> <span class='ocrx_word' id='word_1_86' title='bbox 1404 1411 1505 1460; x_wconf 82' lang='lat' dir='ltr'><em>tamen</em></span> 
     </span>
     <span class='ocr_line' id='line_1_10' title="bbox 270 1484 1504 1582; baseline 0.002 -22"><span class='ocrx_word' id='word_1_87' title='bbox 270 1484 274 1493; x_wconf 41' lang='lat'><strong>¹</strong></span> <span class='ocrx_word' id='word_1_88' title='bbox 363 1501 421 1560; x_wconf 84' lang='lat' dir='ltr'><em>sibi</em></span> <span class='ocrx_word' id='word_1_89' title='bbox 441 1505 505 1580; x_wconf 87' lang='lat' dir='ltr'><em>ipse</em></span> <span class='ocrx_word' id='word_1_90' title='bbox 525 1514 693 1560; x_wconf 77' lang='lat' dir='ltr'><em>assentatus</em></span> <span class='ocrx_word' id='word_1_91' title='bbox 713 1503 777 1561; x_wconf 81' lang='lat' dir='ltr'><em>est?</em></span> <span class='ocrx_word' id='word_1_92' title='bbox 797 1505 898 1566; x_wconf 81' lang='lat' dir='ltr'><em>Senes.</em></span> <span class='ocrx_word' id='word_1_93' title='bbox 918 1503 1010 1582; x_wconf 82' lang='lat' dir='ltr'><em>Epist.</em></span> <span class='ocrx_word' id='word_1_94' title='bbox 1032 1501 1082 1565; x_wconf 96' lang='grc'><em>85.</em></span> <span class='ocrx_word' id='word_1_95' title='bbox 1119 1502 1219 1579; x_wconf 84' lang='lat' dir='ltr'><em>Quid,</em></span> <span class='ocrx_word' id='word_1_96' title='bbox 1245 1504 1273 1561; x_wconf 86' lang='lat' dir='ltr'><em>si</em></span> <span class='ocrx_word' id='word_1_97' title='bbox 1292 1523 1401 1561; x_wconf 86' lang='lat' dir='ltr'><em>sanum</em></span> <span class='ocrx_word' id='word_1_98' title='bbox 1418 1524 1504 1562; x_wconf 70' lang='lat' dir='ltr'><em>uoces</em></span> 
     </span>
     <span class='ocr_line' id='line_1_11' title="bbox 364 1601 1502 1683; baseline 0.003 -21"><span class='ocrx_word' id='word_1_99' title='bbox 364 1605 465 1662; x_wconf 79' lang='lat' dir='ltr'><em>leviter</em></span> <span class='ocrx_word' id='word_1_100' title='bbox 480 1603 723 1683; x_wconf 75' lang='lat' dir='ltr'><em>febricitantem?</em></span> <span class='ocrx_word' id='word_1_101' title='bbox 750 1605 823 1662; x_wconf 84' lang='lat' dir='ltr'><em>Nun</em></span> <span class='ocrx_word' id='word_1_102' title='bbox 843 1613 886 1660; x_wconf 84' lang='lat' dir='ltr'><em>est</em></span> <span class='ocrx_word' id='word_1_103' title='bbox 910 1601 988 1660; x_wconf 83' lang='lat' dir='ltr'><em>bona</em></span> <span class='ocrx_word' id='word_1_104' title='bbox 1007 1603 1163 1678; x_wconf 72' lang='lat' dir='ltr'><em>valetudo,</em></span> <span class='ocrx_word' id='word_1_105' title='bbox 1191 1603 1381 1664; x_wconf 87' lang='lat' dir='ltr'><em>mediocritas</em></span> <span class='ocrx_word' id='word_1_106' title='bbox 1400 1605 1502 1668; x_wconf 83' lang='lat' dir='ltr'><em>morbi.</em></span> 
     </span>
     <span class='ocr_line' id='line_1_12' title="bbox 362 1704 1503 1786; baseline 0.003 -23"><span class='ocrx_word' id='word_1_107' title='bbox 362 1740 405 1752; x_wconf 58' lang='grc' dir='ltr'><em>κ-·</em></span> <span class='ocrx_word' id='word_1_108' title='bbox 423 1704 479 1763; x_wconf 86' lang='lat' dir='ltr'><em>sub</em></span> <span class='ocrx_word' id='word_1_109' title='bbox 500 1717 617 1784; x_wconf 84' lang='lat' dir='ltr'><em>tempus</em></span> <span class='ocrx_word' id='word_1_110' title='bbox 635 1707 760 1777; x_wconf 86' lang='lat' dir='ltr'><em>edendi,</em></span> <span class='ocrx_word' id='word_1_111' title='bbox 780 1709 799 1766; x_wconf 92' lang='lat' dir='ltr'><em>i.</em></span> <span class='ocrx_word' id='word_1_112' title='bbox 821 1725 847 1764; x_wconf 92' lang='lat' dir='ltr'><em>e.</em></span> <span class='ocrx_word' id='word_1_113' title='bbox 868 1713 996 1784; x_wconf 87' lang='lat' dir='ltr'><em>tempore</em></span> <span class='ocrx_word' id='word_1_114' title='bbox 1017 1708 1192 1784; x_wconf 85' lang='lat' dir='ltr'><em>vespertino,</em></span> <span class='ocrx_word' id='word_1_115' title='bbox 1214 1727 1271 1785; x_wconf 91' lang='lat' dir='ltr'><em>quo</em></span> <span class='ocrx_word' id='word_1_116' title='bbox 1289 1707 1385 1766; x_wconf 82' lang='lat' dir='ltr'><em>febres</em></span> <span class='ocrx_word' id='word_1_117' title='bbox 1406 1709 1503 1786; x_wconf 78' lang='lat' dir='ltr'><em>ingra-</em></span> 
     </span>
     <span class='ocr_line' id='line_1_13' title="bbox 288 1791 1503 1888; baseline 0.003 -24"><span class='ocrx_word' id='word_1_118' title='bbox 288 1791 293 1812; x_wconf 80' lang='lat'>&#39;</span> <span class='ocrx_word' id='word_1_119' title='bbox 363 1809 590 1868; x_wconf 81' lang='lat' dir='ltr'><em>vescant-Cels.</em></span> <span class='ocrx_word' id='word_1_120' title='bbox 615 1813 650 1888; x_wconf 86' lang='lat'><em>1,</em></span> <span class='ocrx_word' id='word_1_121' title='bbox 671 1810 702 1872; x_wconf 89' lang='grc'><em>3.</em></span> <span class='ocrx_word' id='word_1_122' title='bbox 728 1810 765 1868; x_wconf 91' lang='lat' dir='ltr'><em>de</em></span> <span class='ocrx_word' id='word_1_123' title='bbox 797 1808 923 1868; x_wconf 81' lang='lat' dir='ltr'><em>febribus</em></span> <span class='ocrx_word' id='word_1_124' title='bbox 949 1808 1135 1886; x_wconf 82' lang='lat' dir='ltr'><em>quotidianis:</em></span> <span class='ocrx_word' id='word_1_125' title='bbox 1163 1809 1313 1868; x_wconf 76' lang='lat' dir='ltr'><em>bonorem</em></span> <span class='ocrx_word' id='word_1_126' title='bbox 1335 1829 1426 1882; x_wconf 73' lang='lat' dir='ltr'><em>voco,</em></span> <span class='ocrx_word' id='word_1_127' title='bbox 1451 1810 1503 1868; x_wconf 86' lang='lat' dir='ltr'><em>ubi</em></span> 
     </span>
     <span class='ocr_line' id='line_1_14' title="bbox 363 1907 1502 1990; baseline 0.004 -24"><span class='ocrx_word' id='word_1_128' title='bbox 363 1921 457 1968; x_wconf 87' lang='lat' dir='ltr'><em>totum</em></span> <span class='ocrx_word' id='word_1_129' title='bbox 479 1930 586 1987; x_wconf 86' lang='lat' dir='ltr'><em>corpus</em></span> <span class='ocrx_word' id='word_1_130' title='bbox 606 1913 746 1969; x_wconf 87' lang='lat' dir='ltr'><em>intremit.</em></span> <span class='ocrx_word' id='word_1_131' title='bbox 781 1912 825 1970; x_wconf 87' lang='lat' dir='ltr'><em>lta</em></span> <span class='ocrx_word' id='word_1_132' title='bbox 849 1907 976 1966; x_wconf 86' lang='lat' dir='ltr'><em>Morbus</em></span> <span class='ocrx_word' id='word_1_133' title='bbox 997 1919 1122 1969; x_wconf 85' lang='lat' dir='ltr'><em>tremens</em></span> <span class='ocrx_word' id='word_1_134' title='bbox 1148 1931 1194 1990; x_wconf 80' lang='lat' dir='ltr'><em>ap.</em></span> <span class='ocrx_word' id='word_1_135' title='bbox 1217 1915 1320 1974; x_wconf 79' lang='lat' dir='ltr'><em>Senes.</em></span> <span class='ocrx_word' id='word_1_136' title='bbox 1341 1915 1427 1972; x_wconf 85' lang='lat' dir='ltr'><em>Herc.</em></span> <span class='ocrx_word' id='word_1_137' title='bbox 1447 1916 1502 1974; x_wconf 81' lang='lat' dir='ltr'><em>sur.</em></span> 
     </span>
     <span class='ocr_line' id='line_1_15' title="bbox 362 2010 1504 2093; baseline 0.001 -19"><span class='ocrx_word' id='word_1_138' title='bbox 362 2015 434 2076; x_wconf 88' lang='lat'><strong>696.</strong></span> <span class='ocrx_word' id='word_1_139' title='bbox 452 2018 482 2072; x_wconf 88' lang='lat' dir='ltr'><em>et</em></span> <span class='ocrx_word' id='word_1_140' title='bbox 501 2014 537 2072; x_wconf 87' lang='lat' dir='ltr'><em>de</em></span> <span class='ocrx_word' id='word_1_141' title='bbox 559 2015 745 2074; x_wconf 87' lang='lat' dir='ltr'><em>conscientiae</em></span> <span class='ocrx_word' id='word_1_142' title='bbox 765 2011 914 2072; x_wconf 87' lang='lat' dir='ltr'><em>tormentis</em></span> <span class='ocrx_word' id='word_1_143' title='bbox 933 2010 998 2070; x_wconf 85' lang='lat' dir='ltr'><em>Juv.</em></span> <span class='ocrx_word' id='word_1_144' title='bbox 1017 2013 1073 2090; x_wconf 84' lang='lat'><em>13,</em></span> <span class='ocrx_word' id='word_1_145' title='bbox 1089 2017 1160 2080; x_wconf 87' lang='lat'>211.</span> <span class='ocrx_word' id='word_1_146' title='bbox 1191 2017 1344 2093; x_wconf 84' lang='lat' dir='ltr'><em>Perpetua</em></span> <span class='ocrx_word' id='word_1_147' title='bbox 1366 2019 1504 2079; x_wconf 72' lang='lat' dir='ltr'><em>anxietas</em></span> 
     </span>
     <span class='ocr_line' id='line_1_16' title="bbox 362 2095 1503 2199; baseline 0.005 -27"><span class='ocrx_word' id='word_1_148' title='bbox 362 2135 416 2172; x_wconf 88' lang='lat' dir='ltr'><em>nec</em></span> <span class='ocrx_word' id='word_1_149' title='bbox 430 2095 558 2171; x_wconf 41' lang='lat' dir='ltr'><em>&#39;numae</em></span> <span class='ocrx_word' id='word_1_150' title='bbox 579 2125 707 2192; x_wconf 87' lang='lat' dir='ltr'><em>tempore</em></span> <span class='ocrx_word' id='word_1_151' title='bbox 728 2123 838 2188; x_wconf 83' lang='lat' dir='ltr'><em>cessat,</em></span> <span class='ocrx_word' id='word_1_152' title='bbox 863 2112 1036 2184; x_wconf 87' lang='lat' dir='ltr'><em>Faucibus,</em></span> <span class='ocrx_word' id='word_1_153' title='bbox 1064 2127 1098 2173; x_wconf 91' lang='lat' dir='ltr'><em>ut</em></span> <span class='ocrx_word' id='word_1_154' title='bbox 1121 2116 1242 2187; x_wconf 88' lang='lat' dir='ltr'><em>morbo,</em></span> <span class='ocrx_word' id='word_1_155' title='bbox 1262 2121 1351 2178; x_wconf 86' lang='lat' dir='ltr'><em>siccis</em></span> <span class='ocrx_word' id='word_1_156' title='bbox 1369 2121 1503 2199; x_wconf 83' lang='lat' dir='ltr'><em>interque</em></span> 
     </span>
     <span class='ocr_line' id='line_1_17' title="bbox 361 2213 1502 2298; baseline 0.005 -24"><span class='ocrx_word' id='word_1_157' title='bbox 361 2217 489 2276; x_wconf 86' lang='lat' dir='ltr'><em>molares</em></span> <span class='ocrx_word' id='word_1_158' title='bbox 509 2213 641 2294; x_wconf 75' lang='lat' dir='ltr'><em>Difficili</em></span> <span class='ocrx_word' id='word_1_159' title='bbox 657 2225 800 2274; x_wconf 71' lang='lat' dir='ltr'><em>crescente</em></span> <span class='ocrx_word' id='word_1_160' title='bbox 820 2213 893 2275; x_wconf 87' lang='lat' dir='ltr'><em>cibo.</em></span> <span class='ocrx_word' id='word_1_161' title='bbox 915 2215 996 2274; x_wconf 85' lang='lat' dir='ltr'><em>Pers.</em></span> <span class='ocrx_word' id='word_1_162' title='bbox 1011 2213 1043 2293; x_wconf 81' lang='lat'><em>4,</em></span> <span class='ocrx_word' id='word_1_163' title='bbox 1059 2216 1110 2281; x_wconf 75' lang='grc'><strong>44.</strong></span> <span class='ocrx_word' id='word_1_164' title='bbox 1128 2217 1180 2294; x_wconf 90' lang='lat' dir='ltr'><em>(ib.</em></span> <span class='ocrx_word' id='word_1_165' title='bbox 1196 2219 1332 2298; x_wconf 88' lang='lat' dir='ltr'><em>Casaub.)</em></span> <span class='ocrx_word' id='word_1_166' title='bbox 1353 2219 1396 2278; x_wconf 86' lang='lat' dir='ltr'><em>da</em></span> <span class='ocrx_word' id='word_1_167' title='bbox 1412 2219 1502 2280; x_wconf 73' lang='lat' dir='ltr'><em>verbu</em></span> 
     </span>
     <span class='ocr_line' id='line_1_18' title="bbox 360 2317 1502 2396; baseline 0.005 -22"><span class='ocrx_word' id='word_1_168' title='bbox 360 2329 389 2374; x_wconf 89' lang='lat' dir='ltr'><em>et</em></span> <span class='ocrx_word' id='word_1_169' title='bbox 407 2319 509 2395; x_wconf 80' lang='lat' dir='ltr'><em>decipe</em></span> <span class='ocrx_word' id='word_1_170' title='bbox 536 2338 659 2388; x_wconf 81' lang='lat' dir='ltr'><em>nervos,</em></span> <span class='ocrx_word' id='word_1_171' title='bbox 687 2320 715 2374; x_wconf 87' lang='lat' dir='ltr'><em>si</em></span> <span class='ocrx_word' id='word_1_172' title='bbox 731 2327 823 2396; x_wconf 87' lang='lat' dir='ltr'><em>potes.</em></span> <span class='ocrx_word' id='word_1_173' title='bbox 859 2317 902 2377; x_wconf 85' lang='lat' dir='ltr'><em>id.</em></span> <span class='ocrx_word' id='word_1_174' title='bbox 925 2317 963 2392; x_wconf 83' lang='lat'><em>8,</em></span> <span class='ocrx_word' id='word_1_175' title='bbox 992 2319 1062 2381; x_wconf 91' lang='lat'><em>100.</em></span> <span class='ocrx_word' id='word_1_176' title='bbox 1109 2319 1171 2378; x_wconf 89' lang='lat' dir='ltr'><em>Sed</em></span> <span class='ocrx_word' id='word_1_177' title='bbox 1197 2331 1304 2378; x_wconf 73' lang='lat' dir='ltr'><em>uersor</em></span> <span class='ocrx_word' id='word_1_178' title='bbox 1328 2322 1405 2378; x_wconf 88' lang='lat' dir='ltr'><em>inter</em></span> <span class='ocrx_word' id='word_1_179' title='bbox 1428 2325 1502 2380; x_wconf 69' lang='lat' dir='ltr'><em>vina</em></span> 
     </span>
     <span class='ocr_line' id='line_1_19' title="bbox 308 2419 1502 2502; baseline 0.003 -24"><span class='ocrx_word' id='word_1_180' title='bbox 308 2453 312 2458; x_wconf 96' lang='lat'>·</span> <span class='ocrx_word' id='word_1_181' title='bbox 361 2419 459 2492; x_wconf 83' lang='lat' dir='ltr'><em>subit,</em></span> <span class='ocrx_word' id='word_1_182' title='bbox 490 2419 681 2500; x_wconf 82' lang='lat' dir='ltr'><em>calidumque</em></span> <span class='ocrx_word' id='word_1_183' title='bbox 707 2421 840 2476; x_wconf 83' lang='lat' dir='ltr'><em>trientem</em></span> <span class='ocrx_word' id='word_1_184' title='bbox 868 2419 991 2477; x_wconf 76' lang='lat' dir='ltr'><em>Ercrctit</em></span> <span class='ocrx_word' id='word_1_185' title='bbox 1015 2440 1030 2477; x_wconf 91' lang='lat' dir='ltr'><em>e</em></span> <span class='ocrx_word' id='word_1_186' title='bbox 1052 2421 1212 2492; x_wconf 85' lang='lat' dir='ltr'><em>munibus,</em></span> <span class='ocrx_word' id='word_1_187' title='bbox 1237 2422 1337 2480; x_wconf 85' lang='lat' dir='ltr'><em>dentes</em></span> <span class='ocrx_word' id='word_1_188' title='bbox 1365 2443 1502 2502; x_wconf 80' lang='lat' dir='ltr'><em>crepuere</em></span> 
     </span>
     <span class='ocr_line' id='line_1_20' title="bbox 360 2519 1501 2598; baseline 0.007 -22"><span class='ocrx_word' id='word_1_189' title='bbox 360 2523 477 2597; x_wconf 84' lang='lat' dir='ltr'><em>retecti,</em></span> <span class='ocrx_word' id='word_1_190' title='bbox 512 2523 610 2578; x_wconf 78' lang='lat' dir='ltr'><em>Uncto</em></span> <span class='ocrx_word' id='word_1_191' title='bbox 633 2519 747 2579; x_wconf 87' lang='lat' dir='ltr'><em>cadunt</em></span> <span class='ocrx_word' id='word_1_192' title='bbox 766 2520 845 2578; x_wconf 78' lang='lat' dir='ltr'><em>laxis</em></span> <span class='ocrx_word' id='word_1_193' title='bbox 870 2531 941 2578; x_wconf 87' lang='lat' dir='ltr'><em>tunc</em></span> <span class='ocrx_word' id='word_1_194' title='bbox 956 2521 1163 2598; x_wconf 71' lang='lat' dir='ltr'><em>pulmentaria</em></span> <span class='ocrx_word' id='word_1_195' title='bbox 1186 2523 1289 2582; x_wconf 86' lang='lat' dir='ltr'><em>labris.</em></span> <span class='ocrx_word' id='word_1_196' title='bbox 1334 2525 1388 2582; x_wconf 83' lang='lat' dir='ltr'><em>Hic</em></span> <span class='ocrx_word' id='word_1_197' title='bbox 1407 2531 1501 2586; x_wconf 86' lang='lat' dir='ltr'><em>autern</em></span> 
     </span>
     <span class='ocr_line' id='line_1_21' title="bbox 360 2623 1501 2706; baseline 0.004 -25"><span class='ocrx_word' id='word_1_198' title='bbox 360 2643 470 2681; x_wconf 84' lang='lat' dir='ltr'><em>munus</em></span> <span class='ocrx_word' id='word_1_199' title='bbox 492 2633 600 2681; x_wconf 82' lang='lat' dir='ltr'><em>renctoe</em></span> <span class='ocrx_word' id='word_1_200' title='bbox 623 2641 681 2680; x_wconf 90' lang='lat' dir='ltr'><em>uon</em></span> <span class='ocrx_word' id='word_1_201' title='bbox 702 2623 841 2682; x_wconf 87' lang='lat' dir='ltr'><em>denotent</em></span> <span class='ocrx_word' id='word_1_202' title='bbox 862 2643 962 2682; x_wconf 83' lang='lat' dir='ltr'><em>manue</em></span> <span class='ocrx_word' id='word_1_203' title='bbox 984 2625 1101 2702; x_wconf 81' lang='lat' dir='ltr'><em>opipare</em></span> <span class='ocrx_word' id='word_1_204' title='bbox 1121 2627 1266 2684; x_wconf 79' lang='lat' dir='ltr'><em>coenantis</em></span> <span class='ocrx_word' id='word_1_205' title='bbox 1287 2625 1330 2685; x_wconf 87' lang='lat' dir='ltr'><em>rei</em></span> <span class='ocrx_word' id='word_1_206' title='bbox 1350 2645 1434 2702; x_wconf 88' lang='lat' dir='ltr'><em>eum,</em></span> <span class='ocrx_word' id='word_1_207' title='bbox 1454 2629 1501 2706; x_wconf 80' lang='lat' dir='ltr'><em>qui</em></span> 
     </span>
     <span class='ocr_line' id='line_1_22' title="bbox 360 2725 1543 2804; baseline 0.003 -20"><span class='ocrx_word' id='word_1_208' title='bbox 360 2726 535 2785; x_wconf 85' lang='lat' dir='ltr'><em>convivando</em></span> <span class='ocrx_word' id='word_1_209' title='bbox 559 2725 689 2801; x_wconf 79' lang='lat' dir='ltr'><em>transigit</em></span> <span class='ocrx_word' id='word_1_210' title='bbox 710 2728 834 2782; x_wconf 85' lang='lat' dir='ltr'><em>aetotem</em></span> <span class='ocrx_word' id='word_1_211' title='bbox 862 2725 922 2785; x_wconf 86' lang='lat' dir='ltr'><em>iere</em></span> <span class='ocrx_word' id='word_1_212' title='bbox 950 2745 1059 2784; x_wconf 88' lang='lat' dir='ltr'><em>ornnem</em></span> <span class='ocrx_word' id='word_1_213' title='bbox 1087 2725 1143 2804; x_wconf 86' lang='lat' dir='ltr'><em>(ci.</em></span> <span class='ocrx_word' id='word_1_214' title='bbox 1168 2727 1226 2804; x_wconf 85' lang='lat'><em>14,</em></span> <span class='ocrx_word' id='word_1_215' title='bbox 1252 2728 1450 2792; x_wconf 63' lang='grc'><strong>2111111111.</strong></span> <span class='ocrx_word' id='word_1_216' title='bbox 1473 2735 1502 2788; x_wconf 90' lang='lat' dir='ltr'><em>et</em></span> <span class='ocrx_word' id='word_1_217' title='bbox 1541 2737 1543 2745; x_wconf 91' lang='lat'>&#39;</span> 
     </span>
     <span class='ocr_line' id='line_1_23' title="bbox 358 2805 1501 2905; baseline 0.004 -19"><span class='ocrx_word' id='word_1_218' title='bbox 358 2829 456 2886; x_wconf 75' lang='lat' dir='ltr'><em>burm.</em></span> <span class='ocrx_word' id='word_1_219' title='bbox 479 2827 517 2886; x_wconf 92' lang='lat' dir='ltr'><em>ad</em></span> <span class='ocrx_word' id='word_1_220' title='bbox 537 2825 654 2886; x_wconf 88' lang='lat' dir='ltr'><em>Petron.</em></span> <span class='ocrx_word' id='word_1_221' title='bbox 676 2825 726 2888; x_wconf 85' lang='grc'><strong>43.</strong></span> <span class='ocrx_word' id='word_1_222' title='bbox 748 2847 777 2904; x_wconf 89' lang='lat' dir='ltr'><em>p.</em></span> <span class='ocrx_word' id='word_1_223' title='bbox 801 2823 903 2904; x_wconf 74' lang='lat' dir='ltr'><em>tud),</em></span> <span class='ocrx_word' id='word_1_224' title='bbox 932 2805 1024 2905; x_wconf 74' lang='lat' dir='ltr'><em>neque</em></span> <span class='ocrx_word' id='word_1_225' title='bbox 1044 2847 1144 2887; x_wconf 88' lang='lat' dir='ltr'><em>manus</em></span> <span class='ocrx_word' id='word_1_226' title='bbox 1164 2829 1233 2888; x_wconf 89' lang='lat' dir='ltr'><em>cibis</em></span> <span class='ocrx_word' id='word_1_227' title='bbox 1254 2835 1377 2888; x_wconf 88' lang='lat' dir='ltr'><em>tremore</em></span> <span class='ocrx_word' id='word_1_228' title='bbox 1400 2849 1501 2891; x_wconf 63' lang='lat' dir='ltr'><em>excae</em></span> 
     </span>
     <span class='ocr_line' id='line_1_24' title="bbox 361 2927 1502 3007; baseline 0.004 -19"><span class='ocrx_word' id='word_1_229' title='bbox 361 2931 400 2988; x_wconf 85' lang='lat' dir='ltr'><em>sis</em></span> <span class='ocrx_word' id='word_1_230' title='bbox 422 2929 638 2988; x_wconf 81' lang='lat' dir='ltr'><em>commaculatas</em></span> <span class='ocrx_word' id='word_1_231' title='bbox 658 2928 801 3007; x_wconf 74' lang='lat' dir='ltr'><em>(Hubert,</em></span> <span class='ocrx_word' id='word_1_232' title='bbox 821 2927 985 3006; x_wconf 52' lang='lat' dir='ltr'><em>nostine),</em></span> <span class='ocrx_word' id='word_1_233' title='bbox 1006 2931 1059 2988; x_wconf 89' lang='lat' dir='ltr'><em>sed</em></span> <span class='ocrx_word' id='word_1_234' title='bbox 1079 2949 1177 2990; x_wconf 86' lang='lat' dir='ltr'><em>manus</em></span> <span class='ocrx_word' id='word_1_235' title='bbox 1198 2932 1347 2992; x_wconf 85' lang='lat' dir='ltr'><em>deficiente</em></span> <span class='ocrx_word' id='word_1_236' title='bbox 1369 2931 1425 2990; x_wconf 90' lang='lat' dir='ltr'><em>cibi</em></span> <span class='ocrx_word' id='word_1_237' title='bbox 1452 2953 1502 2992; x_wconf 86' lang='lat' dir='ltr'><em>ca·</em></span> 
     </span>
     <span class='ocr_line' id='line_1_25' title="bbox 358 3030 1499 3111; baseline 0.003 -22"><span class='ocrx_word' id='word_1_238' title='bbox 358 3033 454 3111; x_wconf 90' lang='lat' dir='ltr'><em>piendi</em></span> <span class='ocrx_word' id='word_1_239' title='bbox 474 3031 660 3090; x_wconf 86' lang='lat' dir='ltr'><em>instrumento</em></span> <span class='ocrx_word' id='word_1_240' title='bbox 680 3031 765 3110; x_wconf 79' lang='lat' dir='ltr'><em>adipe</em></span> <span class='ocrx_word' id='word_1_241' title='bbox 786 3031 1001 3092; x_wconf 83' lang='lat' dir='ltr'><em>contaminatae.</em></span> <span class='ocrx_word' id='word_1_242' title='bbox 1044 3033 1088 3092; x_wconf 87' lang='lat' dir='ltr'><em>lta</em></span> <span class='ocrx_word' id='word_1_243' title='bbox 1111 3033 1238 3110; x_wconf 81' lang='lat' dir='ltr'><em>inteiiige</em></span> <span class='ocrx_word' id='word_1_244' title='bbox 1257 3034 1319 3091; x_wconf 85' lang='lat' dir='ltr'><em>Sat.</em></span> <span class='ocrx_word' id='word_1_245' title='bbox 1343 3033 1373 3109; x_wconf 85' lang='lat'><em>2,</em></span> <span class='ocrx_word' id='word_1_246' title='bbox 1394 3030 1426 3111; x_wconf 82' lang='grc'><em>4,</em></span> <span class='ocrx_word' id='word_1_247' title='bbox 1449 3037 1499 3097; x_wconf 86' lang='grc'><em>78.</em></span> 
     </span>
     <span class='ocr_line' id='line_1_26' title="bbox 359 3131 1501 3216; baseline 0 -22"><span class='ocrx_word' id='word_1_248' title='bbox 359 3133 423 3208; x_wconf 85' lang='grc'><strong>79.,</strong></span> <span class='ocrx_word' id='word_1_249' title='bbox 444 3135 492 3211; x_wconf 88' lang='lat' dir='ltr'><em>qui</em></span> <span class='ocrx_word' id='word_1_250' title='bbox 511 3133 566 3191; x_wconf 88' lang='lat' dir='ltr'><em>ioci</em></span> <span class='ocrx_word' id='word_1_251' title='bbox 587 3133 621 3190; x_wconf 84' lang='lat' dir='ltr'><em>iis</em></span> <span class='ocrx_word' id='word_1_252' title='bbox 642 3131 765 3190; x_wconf 83' lang='lat' dir='ltr'><em>addendi</em></span> <span class='ocrx_word' id='word_1_253' title='bbox 786 3138 869 3209; x_wconf 87' lang='lat' dir='ltr'><em>sunt,</em></span> <span class='ocrx_word' id='word_1_254' title='bbox 898 3151 971 3210; x_wconf 91' lang='lat' dir='ltr'><em>quos</em></span> <span class='ocrx_word' id='word_1_255' title='bbox 992 3133 1107 3193; x_wconf 79' lang='lat' dir='ltr'><em>iaudent</em></span> <span class='ocrx_word' id='word_1_256' title='bbox 1129 3133 1330 3216; x_wconf 81' lang='lat' dir='ltr'><em>Buruffcddus</em></span> <span class='ocrx_word' id='word_1_257' title='bbox 1351 3135 1388 3193; x_wconf 89' lang='lat' dir='ltr'><em>de</em></span> <span class='ocrx_word' id='word_1_258' title='bbox 1406 3139 1501 3194; x_wconf 84' lang='lat' dir='ltr'><em>armis</em></span> 
     </span>
     <span class='ocr_line' id='line_1_27' title="bbox 360 3231 1499 3311; baseline 0.006 -19"><span class='ocrx_word' id='word_1_259' title='bbox 360 3233 507 3292; x_wconf 77' lang='lat' dir='ltr'><em>convivat.</em></span> <span class='ocrx_word' id='word_1_260' title='bbox 531 3235 559 3291; x_wconf 94' lang='lat' dir='ltr'><em>in</em></span> <span class='ocrx_word' id='word_1_261' title='bbox 579 3232 719 3309; x_wconf 78' lang='lat' dir='ltr'><em>Sallengr.</em></span> <span class='ocrx_word' id='word_1_262' title='bbox 741 3232 818 3291; x_wconf 78' lang='lat' dir='ltr'><em>Nor.</em></span> <span class='ocrx_word' id='word_1_263' title='bbox 840 3231 928 3292; x_wconf 83' lang='lat' dir='ltr'><em>Thes.</em></span> <span class='ocrx_word' id='word_1_264' title='bbox 949 3233 998 3297; x_wconf 95' lang='grc'><strong>111.</strong></span> <span class='ocrx_word' id='word_1_265' title='bbox 1024 3254 1053 3311; x_wconf 87' lang='lat' dir='ltr'><em>p·</em></span> <span class='ocrx_word' id='word_1_266' title='bbox 1076 3237 1147 3298; x_wconf 79' lang='grc'><strong>743.</strong></span> <span class='ocrx_word' id='word_1_267' title='bbox 1176 3243 1205 3294; x_wconf 85' lang='lat' dir='ltr'><em>et</em></span> <span class='ocrx_word' id='word_1_268' title='bbox 1231 3235 1346 3296; x_wconf 76' lang='lat' dir='ltr'><em>Becker</em></span> <span class='ocrx_word' id='word_1_269' title='bbox 1366 3239 1404 3298; x_wconf 85' lang='lat' dir='ltr'><em>ed</em></span> <span class='ocrx_word' id='word_1_270' title='bbox 1424 3240 1499 3306; x_wconf 84' lang='lat' dir='ltr'><em>Geli.</em></span> 
     </span>
     <span class='ocr_line' id='line_1_28' title="bbox 359 3331 1500 3412; baseline 0.002 -14"><span class='ocrx_word' id='word_1_271' title='bbox 359 3336 395 3395; x_wconf 85' lang='lat' dir='ltr'><em>ii·</em></span> <span class='ocrx_word' id='word_1_272' title='bbox 420 3355 449 3412; x_wconf 80' lang='lat' dir='ltr'><em>p-</em></span> <span class='ocrx_word' id='word_1_273' title='bbox 472 3335 541 3398; x_wconf 87' lang='grc'><strong>155.</strong></span> <span class='ocrx_word' id='word_1_274' title='bbox 561 3367 604 3379; x_wconf 89' lang='grc'><strong>-</strong></span> <span class='ocrx_word' id='word_1_275' title='bbox 625 3335 660 3394; x_wconf 84' lang='lat' dir='ltr'><em>V.</em></span> <span class='ocrx_word' id='word_1_276' title='bbox 684 3331 733 3398; x_wconf 84' lang='lat'><em>24.</em></span> <span class='ocrx_word' id='word_1_277' title='bbox 757 3333 923 3393; x_wconf 85' lang='lat' dir='ltr'><em>Stultorum</em></span> <span class='ocrx_word' id='word_1_278' title='bbox 943 3337 1083 3394; x_wconf 85' lang='lat' dir='ltr'><em>incurata</em></span> <span class='ocrx_word' id='word_1_279' title='bbox 1104 3346 1159 3398; x_wconf 83' lang='lat' dir='ltr'><em>ere.</em></span> <span class='ocrx_word' id='word_1_280' title='bbox 1187 3339 1266 3398; x_wconf 80' lang='lat' dir='ltr'><em>Nihil</em></span> <span class='ocrx_word' id='word_1_281' title='bbox 1286 3341 1338 3400; x_wconf 87' lang='lat' dir='ltr'><em>hac</em></span> <span class='ocrx_word' id='word_1_282' title='bbox 1357 3343 1500 3402; x_wconf 80' lang='lat' dir='ltr'><em>sententia</em></span> 
     </span>
     <span class='ocr_line' id='line_1_29' title="bbox 360 3418 1498 3516; baseline 0.009 -21"><span class='ocrx_word' id='word_1_283' title='bbox 360 3449 389 3495; x_wconf 82' lang='lat' dir='ltr'><em>et</em></span> <span class='ocrx_word' id='word_1_284' title='bbox 409 3437 525 3514; x_wconf 84' lang='lat' dir='ltr'><em>proprie</em></span> <span class='ocrx_word' id='word_1_285' title='bbox 542 3442 572 3496; x_wconf 89' lang='lat' dir='ltr'><em>et</em></span> <span class='ocrx_word' id='word_1_286' title='bbox 592 3435 728 3495; x_wconf 81' lang='lat' dir='ltr'><em>translate</em></span> <span class='ocrx_word' id='word_1_287' title='bbox 749 3442 863 3515; x_wconf 83' lang='lat' dir='ltr'><em>sumpta</em></span> <span class='ocrx_word' id='word_1_288' title='bbox 885 3436 1067 3514; x_wconf 85' lang='lat' dir='ltr'><em>frequentius.</em></span> <span class='ocrx_word' id='word_1_289' title='bbox 1093 3471 1130 3482; x_wconf 90' lang='lat'><em>-</em></span> <span class='ocrx_word' id='word_1_290' title='bbox 1147 3418 1250 3516; x_wconf 78' lang='lat' dir='ltr'><em>puddr</em></span> <span class='ocrx_word' id='word_1_291' title='bbox 1270 3442 1370 3500; x_wconf 78' lang='lat' dir='ltr'><em>molere</em></span> <span class='ocrx_word' id='word_1_292' title='bbox 1389 3457 1422 3502; x_wconf 80' lang='lat' dir='ltr'><em>ut</em></span> <span class='ocrx_word' id='word_1_293' title='bbox 1437 3446 1498 3507; x_wconf 90' lang='lat' dir='ltr'><em>Set.</em></span> 
     </span>
    </p>
   </div>
   <div class='ocr_carea' id='block_1_3' title="bbox 351 3531 1498 4032">
    <p class='ocr_par' dir='ltr' id='par_1_4' title="bbox 351 3531 1498 4032">
     <span class='ocr_line' id='line_1_30' title="bbox 360 3531 1497 3626; baseline 0.005 -26"><span class='ocrx_word' id='word_1_294' title='bbox 360 3541 397 3612; x_wconf 79' lang='grc'><em>2,</em></span> <span class='ocrx_word' id='word_1_295' title='bbox 423 3536 462 3614; x_wconf 91' lang='grc'><em>3,</em></span> <span class='ocrx_word' id='word_1_296' title='bbox 482 3537 533 3599; x_wconf 85' lang='grc'><strong>39.</strong></span> <span class='ocrx_word' id='word_1_297' title='bbox 562 3543 592 3596; x_wconf 91' lang='lat' dir='ltr'><em>et</em></span> <span class='ocrx_word' id='word_1_298' title='bbox 617 3532 711 3612; x_wconf 71' lang='lat' dir='ltr'><em>sidric</em></span> <span class='ocrx_word' id='word_1_299' title='bbox 731 3531 809 3618; x_wconf 74' lang='lat' dir='ltr'><em>sutri</em></span> <span class='ocrx_word' id='word_1_300' title='bbox 838 3559 883 3617; x_wconf 85' lang='lat' dir='ltr'><em>ap.</em></span> <span class='ocrx_word' id='word_1_301' title='bbox 907 3537 1005 3618; x_wconf 86' lang='lat' dir='ltr'><em>Eurip.</em></span> <span class='ocrx_word' id='word_1_302' title='bbox 1026 3540 1144 3619; x_wconf 89' lang='lat' dir='ltr'><em>Hippoi.</em></span> <span class='ocrx_word' id='word_1_303' title='bbox 1170 3543 1232 3606; x_wconf 88' lang='grc'><em>385</em></span> <span class='ocrx_word' id='word_1_304' title='bbox 1262 3544 1315 3624; x_wconf 89' lang='lat' dir='ltr'><em>(ib.</em></span> <span class='ocrx_word' id='word_1_305' title='bbox 1336 3545 1497 3626; x_wconf 65' lang='lat' dir='ltr'><em>velden),</em></span> 
     </span>
     <span class='ocr_line' id='line_1_31' title="bbox 358 3638 1497 3722; baseline 0.014 -26"><span class='ocrx_word' id='word_1_306' title='bbox 358 3638 435 3715; x_wconf 87' lang='lat' dir='ltr'><em>quod</em></span> <span class='ocrx_word' id='word_1_307' title='bbox 461 3639 561 3696; x_wconf 82' lang='lat' dir='ltr'><em>vitium</em></span> <span class='ocrx_word' id='word_1_308' title='bbox 587 3640 755 3700; x_wconf 83' lang='lat' dir='ltr'><em>Plutarchus</em></span> <span class='ocrx_word' id='word_1_309' title='bbox 782 3641 819 3699; x_wconf 85' lang='lat' dir='ltr'><em>de</em></span> <span class='ocrx_word' id='word_1_310' title='bbox 840 3639 950 3699; x_wconf 86' lang='lat' dir='ltr'><em>Vitiosc</em></span> <span class='ocrx_word' id='word_1_311' title='bbox 970 3640 1042 3701; x_wconf 90' lang='lat' dir='ltr'><em>Pud.</em></span> <span class='ocrx_word' id='word_1_312' title='bbox 1064 3643 1140 3703; x_wconf 87' lang='lat' dir='ltr'><em>Vili.</em></span> <span class='ocrx_word' id='word_1_313' title='bbox 1161 3665 1191 3722; x_wconf 93' lang='lat' dir='ltr'><em>p.</em></span> <span class='ocrx_word' id='word_1_314' title='bbox 1214 3645 1265 3708; x_wconf 83' lang='grc'><em>95.</em></span> <span class='ocrx_word' id='word_1_315' title='bbox 1293 3653 1377 3706; x_wconf 88' lang='lat' dir='ltr'><em>vocat</em></span> <span class='ocrx_word' id='word_1_316' title='bbox 1399 3648 1497 3711; x_wconf 82' lang='lat' dir='ltr'><em>ducu-</em></span> 
     </span>
     <span class='ocr_line' id='line_1_32' title="bbox 358 3735 1498 3828; baseline 0.008 -27"><span class='ocrx_word' id='word_1_317' title='bbox 358 3739 446 3815; x_wconf 78' lang='lat' dir='ltr'><em>ntur,</em></span> <span class='ocrx_word' id='word_1_318' title='bbox 478 3745 601 3820; x_wconf 82' lang='grc' dir='ltr'><strong><em>σημεῖον</em></strong></span> <span class='ocrx_word' id='word_1_319' title='bbox 629 3737 685 3822; x_wconf 83' lang='lat' dir='ltr'><em>pir</em></span> <span class='ocrx_word' id='word_1_320' title='bbox 711 3735 750 3805; x_wconf 86' lang='lat' dir='ltr'><em>ori</em></span> <span class='ocrx_word' id='word_1_321' title='bbox 771 3745 907 3820; x_wconf 75' lang='lat' dir='ltr'><em>pudico,</em></span> <span class='ocrx_word' id='word_1_322' title='bbox 934 3742 1033 3806; x_wconf 78' lang='lat' dir='ltr'><em>ulrico</em></span> <span class='ocrx_word' id='word_1_323' title='bbox 1060 3743 1092 3806; x_wconf 82' lang='lat' dir='ltr'><em>di</em></span> <span class='ocrx_word' id='word_1_324' title='bbox 1115 3747 1283 3828; x_wconf 73' lang='grc' dir='ltr'><strong><em>μοχθηρίας</em></strong></span> <span class='ocrx_word' id='word_1_325' title='bbox 1304 3739 1411 3814; x_wconf 70' lang='grc' dir='ltr'><strong>οὖσαν.</strong></span> <span class='ocrx_word' id='word_1_326' title='bbox 1453 3749 1498 3809; x_wconf 85' lang='lat' dir='ltr'><em>De</em></span> 
     </span>
     <span class='ocr_line' id='line_1_33' title="bbox 351 3841 1498 3938; baseline 0.011 -36"><span class='ocrx_word' id='word_1_327' title='bbox 351 3841 421 3918; x_wconf 79' lang='lat' dir='ltr'><em>buc,</em></span> <span class='ocrx_word' id='word_1_328' title='bbox 443 3861 499 3921; x_wconf 82' lang='lat' dir='ltr'><em>que</em></span> <span class='ocrx_word' id='word_1_329' title='bbox 519 3843 647 3902; x_wconf 87' lang='lat' dir='ltr'><em>homines</em></span> <span class='ocrx_word' id='word_1_330' title='bbox 670 3864 702 3904; x_wconf 88' lang='lat' dir='ltr'><em>se</em></span> <span class='ocrx_word' id='word_1_331' title='bbox 725 3849 875 3922; x_wconf 84' lang='lat' dir='ltr'><em>aegrotare</em></span> <span class='ocrx_word' id='word_1_332' title='bbox 895 3865 953 3905; x_wconf 92' lang='lat' dir='ltr'><em>non</em></span> <span class='ocrx_word' id='word_1_333' title='bbox 975 3849 1109 3924; x_wconf 72' lang='lat' dir='ltr'><em>dedunt,</em></span> <span class='ocrx_word' id='word_1_334' title='bbox 1127 3847 1274 3927; x_wconf 90' lang='lat' dir='ltr'><em>opinione,</em></span> <span class='ocrx_word' id='word_1_335' title='bbox 1291 3851 1311 3908; x_wconf 94' lang='lat' dir='ltr'><em>i.</em></span> <span class='ocrx_word' id='word_1_336' title='bbox 1330 3871 1356 3910; x_wconf 86' lang='lat' dir='ltr'><em>e.</em></span> <span class='ocrx_word' id='word_1_337' title='bbox 1375 3847 1498 3938; x_wconf 65' lang='lat' dir='ltr'><em>tuurtp</em></span> 
     </span>
     <span class='ocr_line' id='line_1_34' title="bbox 357 3945 1497 4032; baseline 0.008 -27"><span class='ocrx_word' id='word_1_338' title='bbox 357 3948 413 4006; x_wconf 81' lang='lat' dir='ltr'><em>rori</em></span> <span class='ocrx_word' id='word_1_339' title='bbox 433 3949 550 4020; x_wconf 81' lang='grc' dir='ltr'><strong><em>νοσεῖν,</em></strong></span> <span class='ocrx_word' id='word_1_340' title='bbox 577 3945 675 4032; x_wconf 78' lang='lat' dir='ltr'><em>confer</em></span> <span class='ocrx_word' id='word_1_341' title='bbox 699 3945 1009 4026; x_wconf 83' lang='lat' dir='ltr'><em>eund.V11.p.9bO.</em></span> <span class='ocrx_word' id='word_1_342' title='bbox 1036 3955 1065 4008; x_wconf 89' lang='lat' dir='ltr'><em>et</em></span> <span class='ocrx_word' id='word_1_343' title='bbox 1085 3951 1186 4010; x_wconf 81' lang='lat' dir='ltr'><em>Senes.</em></span> <span class='ocrx_word' id='word_1_344' title='bbox 1209 3953 1246 4012; x_wconf 89' lang='lat' dir='ltr'><em>de</em></span> <span class='ocrx_word' id='word_1_345' title='bbox 1267 3951 1376 4031; x_wconf 84' lang='lat' dir='ltr'><em>Tranq.</em></span> <span class='ocrx_word' id='word_1_346' title='bbox 1398 3973 1444 4019; x_wconf 87' lang='lat' dir='ltr'><em>au.</em></span> <span class='ocrx_word' id='word_1_347' title='bbox 1469 3959 1497 4020; x_wconf 86' lang='lat'><em>2.</em></span> 
     </span>
    </p>
   </div>
   <div class='ocr_carea' id='block_1_4' title="bbox 354 4045 1499 4647">
    <p class='ocr_par' dir='ltr' id='par_1_5' title="bbox 354 4045 1499 4647">
     <span class='ocr_line' id='line_1_35' title="bbox 356 4045 1499 4138; baseline 0.01 -34"><span class='ocrx_word' id='word_1_348' title='bbox 356 4067 430 4128; x_wconf 82' lang='lat' dir='ltr'><em>quoe</em></span> <span class='ocrx_word' id='word_1_349' title='bbox 450 4045 506 4106; x_wconf 85' lang='lat' dir='ltr'><em>sub</em></span> <span class='ocrx_word' id='word_1_350' title='bbox 523 4049 640 4127; x_wconf 78' lang='lat' dir='ltr'><em>ingenti</em></span> <span class='ocrx_word' id='word_1_351' title='bbox 657 4049 744 4106; x_wconf 83' lang='lat' dir='ltr'><em>titrtlo</em></span> <span class='ocrx_word' id='word_1_352' title='bbox 762 4048 932 4108; x_wconf 82' lang='lat' dir='ltr'><em>laborantes</em></span> <span class='ocrx_word' id='word_1_353' title='bbox 949 4053 982 4109; x_wconf 85' lang='lat' dir='ltr'><em>in</em></span> <span class='ocrx_word' id='word_1_354' title='bbox 999 4071 1057 4110; x_wconf 83' lang='lat' dir='ltr'><em>sua</em></span> <span class='ocrx_word' id='word_1_355' title='bbox 1077 4053 1266 4112; x_wconf 86' lang='lat' dir='ltr'><em>simulatione</em></span> <span class='ocrx_word' id='word_1_356' title='bbox 1278 4056 1381 4134; x_wconf 83' lang='lat' dir='ltr'><em>pudor</em></span> <span class='ocrx_word' id='word_1_357' title='bbox 1399 4059 1499 4138; x_wconf 72' lang='lat' dir='ltr'><em>mergis</em></span> 
     </span>
     <span class='ocr_line' id='line_1_36' title="bbox 356 4150 1497 4231; baseline 0.009 -23"><span class='ocrx_word' id='word_1_358' title='bbox 356 4169 449 4228; x_wconf 84' lang='lat' dir='ltr'><em>quarn</em></span> <span class='ocrx_word' id='word_1_359' title='bbox 470 4150 608 4208; x_wconf 73' lang='lat' dir='ltr'><em>voluntas</em></span> <span class='ocrx_word' id='word_1_360' title='bbox 627 4161 712 4209; x_wconf 82' lang='lat' dir='ltr'><em>tenet.</em></span> <span class='ocrx_word' id='word_1_361' title='bbox 750 4151 792 4211; x_wconf 90' lang='lat' dir='ltr'><em>ld.</em></span> <span class='ocrx_word' id='word_1_362' title='bbox 817 4151 907 4231; x_wconf 82' lang='lat' dir='ltr'><em>Epist.</em></span> <span class='ocrx_word' id='word_1_363' title='bbox 932 4153 982 4218; x_wconf 91' lang='grc'><em>50.</em></span> <span class='ocrx_word' id='word_1_364' title='bbox 1025 4154 1236 4216; x_wconf 68' lang='grc' dir='ltr'><strong>151ιό1εοί11111</strong></span> <span class='ocrx_word' id='word_1_365' title='bbox 1257 4159 1367 4218; x_wconf 65' lang='lat' dir='ltr'><em>ducere</em></span> <span class='ocrx_word' id='word_1_366' title='bbox 1388 4157 1497 4218; x_wconf 83' lang='lat' dir='ltr'><em>bonum</em></span> 
     </span>
     <span class='ocr_line' id='line_1_37' title="bbox 355 4251 1494 4342; baseline 0.011 -33"><span class='ocrx_word' id='word_1_367' title='bbox 355 4263 490 4310; x_wconf 85' lang='lat' dir='ltr'><em>mentem.</em></span> <span class='ocrx_word' id='word_1_368' title='bbox 534 4253 582 4311; x_wconf 87' lang='lat' dir='ltr'><em>At</em></span> <span class='ocrx_word' id='word_1_369' title='bbox 607 4251 771 4312; x_wconf 78' lang='lat' dir='ltr'><em>nubercule</em></span> <span class='ocrx_word' id='word_1_370' title='bbox 794 4265 880 4333; x_wconf 87' lang='lat' dir='ltr'><em>turpe</em></span> <span class='ocrx_word' id='word_1_371' title='bbox 904 4266 947 4315; x_wconf 83' lang='lat' dir='ltr'><em>ert</em></span> <span class='ocrx_word' id='word_1_372' title='bbox 966 4260 1147 4338; x_wconf 79' lang='lat' dir='ltr'><em>magistrum</em></span> <span class='ocrx_word' id='word_1_373' title='bbox 1170 4260 1262 4334; x_wconf 84' lang='lat' dir='ltr'><em>hujus</em></span> <span class='ocrx_word' id='word_1_374' title='bbox 1283 4265 1327 4319; x_wconf 88' lang='lat' dir='ltr'><em>rei</em></span> <span class='ocrx_word' id='word_1_375' title='bbox 1348 4283 1494 4342; x_wconf 77' lang='lat' dir='ltr'><em>quaerere.</em></span> 
     </span>
     <span class='ocr_line' id='line_1_38' title="bbox 354 4353 1495 4440; baseline 0.009 -28"><span class='ocrx_word' id='word_1_376' title='bbox 354 4353 427 4415; x_wconf 86' lang='lat' dir='ltr'><em>ibid.</em></span> <span class='ocrx_word' id='word_1_377' title='bbox 450 4353 500 4418; x_wconf 82' lang='grc'><em>53.</em></span> <span class='ocrx_word' id='word_1_378' title='bbox 537 4355 693 4414; x_wconf 85' lang='lat' dir='ltr'><em>Somnium</em></span> <span class='ocrx_word' id='word_1_379' title='bbox 713 4377 853 4437; x_wconf 69' lang='lat' dir='ltr'><em>nauare,</em></span> <span class='ocrx_word' id='word_1_380' title='bbox 874 4359 1030 4439; x_wconf 75' lang='lat' dir='ltr'><em>vigilantis</em></span> <span class='ocrx_word' id='word_1_381' title='bbox 1050 4371 1107 4433; x_wconf 88' lang='lat' dir='ltr'><em>est,</em></span> <span class='ocrx_word' id='word_1_382' title='bbox 1130 4371 1157 4418; x_wconf 87' lang='lat' dir='ltr'><em>et</em></span> <span class='ocrx_word' id='word_1_383' title='bbox 1177 4364 1252 4420; x_wconf 77' lang='lat' dir='ltr'><em>vitio</em></span> <span class='ocrx_word' id='word_1_384' title='bbox 1272 4385 1330 4424; x_wconf 80' lang='lat' dir='ltr'><em>eun</em></span> <span class='ocrx_word' id='word_1_385' title='bbox 1349 4365 1495 4440; x_wconf 83' lang='lat' dir='ltr'><em>confiteri,</em></span> 
     </span>
     <span class='ocr_line' id='line_1_39' title="bbox 355 4457 1497 4549; baseline 0.018 -40"><span class='ocrx_word' id='word_1_386' title='bbox 355 4457 494 4514; x_wconf 64' lang='lat' dir='ltr'><em>suadetis</em></span> <span class='ocrx_word' id='word_1_387' title='bbox 511 4457 665 4531; x_wconf 82' lang='lat' dir='ltr'><em>judicium</em></span> <span class='ocrx_word' id='word_1_388' title='bbox 687 4470 738 4519; x_wconf 84' lang='lat' dir='ltr'><em>est.</em></span> <span class='ocrx_word' id='word_1_389' title='bbox 766 4458 838 4520; x_wconf 87' lang='lat' dir='ltr'><em>ibid.</em></span> <span class='ocrx_word' id='word_1_390' title='bbox 859 4462 910 4524; x_wconf 87' lang='grc'><em>68.</em></span> <span class='ocrx_word' id='word_1_391' title='bbox 947 4463 999 4520; x_wconf 86' lang='lat' dir='ltr'><em>Sic</em></span> <span class='ocrx_word' id='word_1_392' title='bbox 1021 4465 1054 4521; x_wconf 83' lang='lat' dir='ltr'><em>in</em></span> <span class='ocrx_word' id='word_1_393' title='bbox 1074 4464 1176 4521; x_wconf 86' lang='lat' dir='ltr'><em>animo</em></span> <span class='ocrx_word' id='word_1_394' title='bbox 1197 4477 1296 4532; x_wconf 69' lang='lat' dir='ltr'><em>nostru</em></span> <span class='ocrx_word' id='word_1_395' title='bbox 1317 4479 1386 4527; x_wconf 87' lang='lat' dir='ltr'><em>eunt</em></span> <span class='ocrx_word' id='word_1_396' title='bbox 1407 4472 1497 4549; x_wconf 74' lang='lat' dir='ltr'><em>quasi</em></span> 
     </span>
     <span class='ocr_line' id='line_1_40' title="bbox 356 4557 1496 4647; baseline 0.02 -38"><span class='ocrx_word' id='word_1_397' title='bbox 356 4557 510 4614; x_wconf 64' lang='lat' dir='ltr'><em>cummim</em></span> <span class='ocrx_word' id='word_1_398' title='bbox 532 4571 654 4637; x_wconf 80' lang='lat' dir='ltr'><em>partes,</em></span> <span class='ocrx_word' id='word_1_399' title='bbox 682 4559 792 4643; x_wconf 75' lang='lat' dir='ltr'><em>petibus</em></span> <span class='ocrx_word' id='word_1_400' title='bbox 820 4563 991 4632; x_wconf 77' lang='lat' dir='ltr'><em>adhibenda</em></span> <span class='ocrx_word' id='word_1_401' title='bbox 1018 4567 1134 4624; x_wconf 83' lang='lat' dir='ltr'><em>curatio</em></span> <span class='ocrx_word' id='word_1_402' title='bbox 1163 4579 1215 4625; x_wconf 84' lang='lat' dir='ltr'><em>est.</em></span> <span class='ocrx_word' id='word_1_403' title='bbox 1266 4570 1350 4647; x_wconf 83' lang='lat' dir='ltr'><em>Quid</em></span> <span class='ocrx_word' id='word_1_404' title='bbox 1376 4573 1409 4630; x_wconf 84' lang='lat' dir='ltr'><em>in</em></span> <span class='ocrx_word' id='word_1_405' title='bbox 1437 4575 1496 4632; x_wconf 83' lang='lat' dir='ltr'><em>otio</em></span> 
     </span>
    </p>
   </div>
   <div class='ocr_carea' id='block_1_5' title="bbox 0 0 1694 5320">
    <p class='ocr_par' dir='ltr' id='par_1_6' title="bbox 0 0 1694 5320">
     <span class='ocr_line' id='line_1_41' title="bbox 0 0 1694 5320; baseline 0 0"><span class='ocrx_word' id='word_1_406' title='bbox 0 0 1694 5320; x_wconf 95' lang='lat' dir='ltr'><em> </em></span> 
     </span>
    </p>
   </div>
  </div>
 </body>
</html>
