3430 5324
298 485 361 550 150
390 491 671 554 COAlblENTARll
685 495 727 554 ΙΝ
741 493 1028 556 Housmam.
1050 495 1364 560 arlaunuounc.
1394 499 1458 563 150

297 680 458 756 extorqueri
481 699 547 740 vere
568 681 707 757 dolemus,
728 687 823 742 tamen
841 681 910 741 nihil
931 701 1075 743 moramur
1095 701 1157 761 eos,
1181 685 1230 761 qui
1251 686 1390 764 ejusmodi
1410 705 1460 746 res

297 781 419 838 minutas
437 781 529 839 acutis
551 782 667 840 naribus
688 789 717 842 et
737 791 872 862 caperata
891 785 988 844 fronte
1007 785 1208 844 condemnent.

383 883 418 940 V.
441 882 594 947 21-21.
631 885 895 946 Verum-dau.
927 887 1088 946 Jamredit
1109 888 1227 946 adrem
1248 907 1275 948 v.
1296 892 1327 951 7.
1349 909 1459 968 propo-

299 985 399 1041 sitam:
431 984 559 1060 „Verum
584 987 755 1063 quicumque
784 996 829 1047 est
856 995 907 1047 tua
926 989 1004 1050 vitae
1025 989 1156 1065 babitus,
1187 990 1282 1068 recipe
1302 1008 1386 1067 quern
1406 992 1459 1050 tibi

300 1085 466 1144 commendo
487 1087 627 1164 tradoqne
648 1089 813 1166 Grosphum
840 1093 869 1150 in
891 1099 969 1151 tuam
992 1091 1259 1163 familiaritatem;“
1282 1091 1337 1150 boc
1357 1099 1401 1151 est
1420 1093 1460 1152 dc

299 1188 441 1246 renuntia
461 1188 636 1248 Scholiastae
658 1191 745 1268 Cruq.
768 1194 853 1268 „sive
872 1193 947 1253 laute
968 1193 1028 1252 sive
1048 1211 1135 1271 parce
1154 1191 1273 1269 rivis,“
1295 1212 1315 1252 a
1334 1212 1389 1270 qua
1406 1211 1458 1252 ex·

299 1291 454 1368 plicatione
476 1309 538 1348 cum
563 1290 726 1350 Sanadono
746 1293 802 1352 alia
823 1296 936 1372 quidem
957 1296 994 1353 de
1015 1309 1102 1351 causa
1122 1293 1271 1354 discedere
1291 1313 1350 1354 non
1369 1293 1457 1354 debe·

300 1393 370 1452 bant
391 1394 564 1471 interpretes
582 1394 738 1454 novissimi.
765 1396 824 1455 Sed
846 1401 880 1454 ut
898 1397 953 1455 loci
971 1395 1124 1470 festivitas,
1145 1413 1218 1471 quae
1237 1396 1273 1453 ab
1294 1397 1459 1475 interpreti·

300 1495 353 1554 bus
374 1497 430 1554 uisi
450 1515 484 1554 ex
502 1513 560 1554 rana
578 1501 662 1574 parte
683 1499 720 1555 ad
739 1494 876 1574 liquidum
897 1517 955 1556 non
974 1503 1019 1558 est
1035 1499 1185 1575 perducta,
1206 1497 1297 1574 magis
1312 1499 1342 1556 iu
1357 1505 1459 1578 aperto

300 1600 354 1673 sit,
382 1597 561 1656 observanda
582 1605 649 1657 sunt
668 1599 741 1656 duo:
758 1600 880 1678 primum
891 1599 1011 1658 Poetnm
1028 1599 1057 1656 in
1074 1596 1255 1676 philosophia
1265 1599 1460 1678 Empedoclea

301 1717 480 1779 pauonem,
508 1699 613 1757 deindo
640 1698 746 1758 habere
771 1702 913 1760 rationem
931 1721 1024 1760 rerum
1046 1698 1244 1777 orientalium,
1273 1721 1345 1779 quas
1368 1701 1459 1760 locius

300 1809 402 1880 utpote
421 1804 451 1860 in
472 1800 604 1877 Aegypto
626 1806 656 1859 et
675 1800 781 1860 Arabia
801 1802 911 1880 aliquot
932 1803 1033 1860 abhinc
1054 1803 1136 1860 annis
1156 1807 1287 1861 versatrrs
1308 1803 1383 1862 bene
1405 1820 1459 1860 no·

300 1911 389 1964 verat.
415 1903 627 1962 Commemorat
646 1905 743 1980 igitur,
765 1909 797 1961 ut
815 1906 904 1962 amico
926 1903 1140 1983 philosophanti
1159 1904 1250 1962 nsum
1267 1909 1392 1978 moveat,
1412 1923 1460 1962 res

302 2005 441 2082 quasdam
461 2006 543 2082 quasi
563 2023 672 2081 sacras,
694 2005 724 2084 a)
741 2007 858 2083 pisces:
879 2008 983 2066 etenim
1004 2013 1037 2064 ut
1056 2004 1242 2084 philosophos
1263 2003 1461 2082 Pythagoreos

302 2114 423 2185 propter
448 2106 649 2166 abstinentiam
675 2106 711 2164 ab
737 2107 903 2168 animalibus
930 2107 1067 2185 imprimis
1095 2106 1220 2185 piscibus
1249 2107 1345 2166 ridnt
1365 2105 1461 2166 Alexis

302 2215 332 2266 et
353 2209 530 2289 Antiphanes
552 2228 599 2286 ap.
618 2208 756 2270 Athenae.
779 2209 828 2267 lv.
849 2230 879 2288 p.
900 2211 972 2272 161.
993 2209 1044 2268 IX.
1066 2230 1097 2288 p.
1111 2208 1197 2283 386,
1217 2209 1259 2268 ita
1275 2207 1411 2291 Aegyptii
1431 2214 1462 2267 et

303 2311 368 2388 Syri
396 2312 522 2390 piscibus
549 2311 758 2370 abstinuerrmt.
798 2311 954 2389 Utriusque
983 2311 1025 2369 rei
1051 2310 1117 2368 vide
1144 2308 1281 2387 exempla.
1320 2309 1459 2369 Athenae.

303 2412 322 2470 l.
345 2411 364 2470 Ι.
386 2433 416 2489 p.
439 2412 510 2476 161.
536 2413 576 2474 Ol
594 2413 849 2492 πυθαγορίζοντες
868 2409 940 2494 pio,
963 2409 1004 2486 οἱς
1022 2405 1191 2490 οἷοουόμον,
1218 2403 1289 2472 Osir’
1311 2406 1393 2487 ὄψον
1413 2410 1462 2483 ἐς·

302 2514 437 2586 elmere,
459 2507 521 2574 οὔτ’
541 2509 603 2574 dtt'
623 2509 696 2576 ov'dl
715 2513 751 2574 ἲν
764 2509 924 2594 Ἕμψοχοο
946 2522 1000 2575 etc.
1021 2514 1090 2574 lude
1112 2512 1181 2574 illud
1201 2499 1460 2590 Pythagoreorum}

305 2611 425 2694 ἰχθύων
446 2609 488 2692 μὴ
507 2615 669 2694 γενέσθαι·
698 2617 736 2679 G.
758 2617 785 2676 J.
806 2619 894 2676 Voss.
916 2618 1019 2678 Theoi.
1040 2617 1139 2693 gentil.
1158 2617 1191 2694 3,
1214 2618 1264 2681 27.
1285 2633 1314 2691 p.
1332 2613 1404 2675 868.
1427 2611 1460 2691 4,

305 2719 355 2780 23.
374 2737 403 2795 p.
424 2717 516 2782 1372.
537 2716 649 2781 Erasm.
667 2716 780 2796 Adagg.
800 2721 877 2796 1,1,
897 2723 925 2784 2.
942 2741 972 2800 p.
984 2723 1035 2785 22.
1056 2720 1091 2778 A.
1110 2719 1186 2778 Geli.
1203 2712 1236 2794 4,
1254 2714 1303 2778 11.
1325 2712 1461 2776 Voluca.

303 2821 341 2878 ad
361 2821 461 2898 Eurip.
483 2817 603 2896 Hippoi.
626 2817 698 2884 952.
721 2822 788 2899 Maj.
807 2825 845 2882 ad
868 2823 931 2881 Cic.
946 2824 984 2881 de
1001 2823 1077 2898 Rep.
1096 2821 1128 2896 3,
1147 2823 1214 2890 11.;
1233 2817 1345 2876 Herod.
1360 2819 1391 2892 2,
1409 2816 1461 2878 37.

305 2923 447 2982 Plutarch.
468 2923 509 2981 'de
530 2921 600 2980 isid.
629 2929 660 2981 et
686 2923 794 2984 Osirid.
816 2923 879 2983 Vll.
907 2943 937 3002 p.
955 2923 1029 2986 398.
1056 2923 1177 2998 Rupert.
1203 2920 1241 2978 nd
1269 2919 1334 2978 Juv.
1354 2919 1411 2994 15,
1432 2919 1463 2980 7.

305 3024 445 3102 Porphyr.
466 3023 503 3083 de
524 3023 636 3083 Abstin.
659 3028 697 3101 2,
718 3029 770 3088 61.
792 3025 830 3103 4,
854 3027 903 3090 15.
926 3026 1029 3086 Greua.
1050 3031 1080 3084 et
1098 3023 1206 3082 Moser.
1229 3022 1267 3080 ad
1289 3022 1350 3080 Cic.
1371 3021 1411 3082 N.
1432 3019 1463 3094 8,

307 3127 356 3190 16.
385 3127 533 3187 Menandr.
552 3127 668 3203 Fragm.
691 3147 723 3207 p·
746 3131 796 3193 12.
816 3131 863 3188 ed.
886 3127 981 3188 Diibn.
1009 3132 1039 3184 et
1067 3143 1139 3203 quos
1160 3121 1258 3180 lurdat
1277 3122 1414 3180 Creuner.
1434 3120 1464 3177 in

305 3227 427 3304 „Symb
456 3249 484 3286 u.
510 3228 631 3303 Mychol.
660 3229 700 3287 im
728 3229 863 3308 Auszuge
890 3247 948 3287 von
971 3225 1082 3286 Moser.
1107 3246 1137 3303 p.
1167 3225 1240 3286 280.
1264 3223 1305 3282 Ν.
1330 3219 1382 3284 49.
1411 3220 1464 3282 50.

305 3327 338 3407 b)
355 3345 481 3407 pormm
503 3340 531 3386 et
551 3347 648 3406 caepe.
671 3331 735 3388 luv.
757 3332 809 3408 15,
829 3329 860 3391 9.
883 3330 1015 3386 Portum
1037 3337 1065 3384 οι
1084 3347 1172 3404 caepe
1188 3325 1277 3404 nq‘as
1295 3323 1410 3384 violem
1426 3342 1466 3380 uc

299 3431 446 3510 frangere
469 3451 577 3488 morsu.
612 3431 748 3491 Prudent.
777 3431 880 3490 Perist·
903 3425 944 3493 11
965 3429 1051 3506 (10),
1079 3427 1152 3492 259.
1177 3425 1310 3506 (Weitz.)
1333 3425 1466 3505 Appone

301 3535 403 3611 porris
421 3532 579 3610 religiosae
591 3533 711 3604 andus,
737 3535 885 3592 Veneram
904 3529 1046 3590 acerbam
1067 3549 1170 3607 caepe,
1198 3529 1325 3588 uwrdou
1345 3527 1464 3584 allium.

306 3636 350 3695 ld.
372 3637 401 3694 iu
423 3634 583 3710 Symmach.
603 3639 640 3716 2,
669 3637 742 3698 866.
768 3638 899 3694 Parrum
920 3645 950 3690 et
969 3651 1059 3710 caepe
1077 3629 1146 3690 deos
1165 3633 1316 3709 rinponerc
1334 3625 1465 3686 nubibus

306 3739 383 3796 auri.
411 3737 517 3798 Minue.
533 3735 596 3795 Fel.
614 3737 716 3796 Octav.
734 3741 785 3816 28,
810 3739 861 3802 10.
884 3735 980 3796 Iidem
995 3735 1142 3813 Aegyptii
1159 3753 1220 3791 non
1238 3731 1337 3810 magis
1352 3727 1466 3786 laidem

307 3861 400 3919 quum
419 3857 581 3916 caeparum
601 3839 782 3900 acrimoniae
802 3839 982 3903 metuebant,
1003 3835 1125 3897 Diodor.
1148 3837 1179 3912 2,
1199 3833 1229 3898 4.
1251 3829 1393 3892 Plutarch.
1411 3827 1463 3887 11.

307 3961 337 4021 p.
355 3939 428 4003 394.
457 3940 531 3998 Plin.
558 3941 595 4000 Η.
624 3941 664 4000 Ν.
689 3941 746 4019 19,
768 3946 797 4005 6.
827 3944 862 4003 A.
885 3941 961 4002 Gell.
985 3940 1045 4015 20,
1068 3939 1098 4000 8.
1128 3937 1253 3997 Cesaub.
1274 3935 1311 3994 ad
1332 3931 1415 3994 Pers.
1432 3930 1465 4008 6,

308 4044 379 4105 188.
408 4043 507 4100 Barth.
535 4044 573 4102 ad
599 4043 700 4102 Claud.
728 4045 816 4104 Cous.
842 4043 1016 4104 Mall128.
1042 4035 1166 4116 P·148.
1189 4039 1279 4098 Gesn.
1301 4035 1465 4094 Chrestom.

307 4145 378 4204 Pliu.
400 4165 429 4223 p.
450 4145 502 4208 32.
533 4145 670 4204 Alexand.
699 4145 734 4202 ab
763 4144 914 4205 Alexandr.
937 4141 1049 4200 Genial.
1071 4140 1213 4217 meso,
1236 4137 1287 4202 10.
1322 4137 1356 4197 ln
1376 4134 1465 4195 verbo

307 4257 402 4312 autem
428 4247 616 4318 tnccidandt,
645 4247 721 4325 quod
751 4245 936 4325 Doerr'ngius
963 4262 1017 4321 per
1043 4259 1164 4319 neugma
1190 4241 1282 4300 solum
1308 4239 1346 4298 ad
1368 4238 1467 4314 precer

307 4353 499 4428 referendum,
519 4351 556 4408 ad
571 4371 655 4428 porr.
677 4356 708 4408 et
728 4371 811 4426 casp.
833 4343 992 4407 contundis
1012 4343 1227 4422 intelligendum
1245 4357 1394 4420 perperam
1412 4337 1468 4396 do-

308 4454 385 4522 cuit,
417 4455 575 4531 elegantem
605 4455 634 4512 iu
661 4451 840 4528 Pythagorae
863 4455 892 4506 et
910 4445 1091 4528 Empedoclis
1113 4433 1340 4525 μετεμψῦχοοσει
1361 4440 1469 4500 senties

308 4551 410 4615 lusum.
432 4554 475 4613 lta
496 4553 664 4634 Empedocl.
686 4553 803 4629 Fragm.
830 4572 856 4610 v.
878 4550 952 4613 313.
975 4549 1021 4608 ed.
1042 4548 1080 4608 K
1103 4541 1282 4626 πάνταγὰρ
1304 4543 1373 4608 lobs
1391 4535 1469 4624 ppl-
