3372 5328
366 521 429 586 260
463 515 735 582 (ῘΟΜΜΕΝΤᾸΝ
749 511 967 578 nonunt.
988 509 1410 581 unusnoulmnonclm.
1446 511 1507 576 100

367 713 514 778 πλουσίαν
534 707 591 788 ἔχει
609 697 739 784 φάτνην.
761 704 807 762 Sic
825 701 924 762 Albius
946 702 1058 778 quidum
1079 719 1126 779 ep.
1148 699 1230 759 Snid.
1250 698 1288 776 (ε’.
1308 698 1352 778 v.)
1372 693 1426 762 cliv
1438 691 1507 762 Ἀν-

366 810 476 879 τοὶνιον
508 801 689 889 θεραπεύων
720 803 772 866 να)
799 799 992 864 ν’παικοὶλλων
1021 797 1082 880 ἅμα
1114 793 1243 881 φάτνην.
1278 801 1428 862 mooun.
1461 819 1508 880 ep.

368 917 476 978 Aelinn.
498 913 537 972 H.
559 911 593 970 Δ.
612 911 650 985 9,
671 889 701 972 6
731 907 855 985 Epictet.
880 905 957 964 Dies.
980 904 1013 981 4,
1038 907 1068 981 1,
1088 904 1139 968 85.
1161 904 1207 968 Cf.
1230 903 1358 962 Horreue
1377 904 1407 962 in
1425 903 1507 964 ltine.

369 1019 444 1076 critt.
465 1015 529 1072 libr.
548 1013 583 1072 ll.
604 1010 727 1090 (ntiuen.
748 1009 769 1068 l.
789 1007 822 1086 Ι.)

450 1117 484 1175 V.
506 1119 556 1182 29.
578 1115 630 1178 30.
656 1113 832 1191 impransus
856 1129 916 1168 non
945 1111 1000 1189 qui
1022 1111 1116 1166 civem
1137 1105 1298 1166 difluerent
1319 1106 1423 1178 hoelo,
1444 1109 1462 1166 i.
1484 1127 1509 1165 e.

368 1219 510 1292 ἄδειπνος
529 1217 612 1290 (ner.
636 1216 673 1274 nd
694 1215 756 1274 Sul.
780 1216 810 1292 2,
830 1216 860 1289 2,
882 1215 912 1276 7.
934 1211 1040 1272 Heind.
1062 1211 1100 1270 nd
1121 1214 1152 1288 2,
1171 1212 1203 1288 3,
1225 1211 1297 1275 257.
1318 1209 1456 1270 wuston.
1473 1210 1511 1268 nd

369 1327 401 1404 2,
415 1324 447 1399 8,
463 1319 551 1400 245),
571 1319 618 1396 qui
640 1315 775 1376 maledico
794 1317 881 1374 dente
899 1314 1026 1372 homines
1045 1321 1185 1392 carperet,
1205 1316 1236 1372 in
1251 1330 1334 1390 quam
1351 1331 1412 1373 rem
1430 1311 1511 1369 Due·

369 1426 487 1505 ringiue
504 1428 572 1504 epte
590 1427 736 1500 comparet
749 1417 873 1480 Theou.
892 1413 941 1492 15,
958 1416 1030 1480 147.
1058 1412 1166 1496 Xoivvip
1184 1413 1253 1490 ὅξος
1268 1411 1360 1492 ἅπαν,
1376 1419 1512 1479 nervium

370 1525 404 1592 ol
427 1522 503 1608 μηδὲ
522 1521 686 1606 ποτένθῃς,
708 1526 738 1580 ot
762 1517 935 1578 &ommno
956 1518 1049 1597 Epod.
1071 1522 1102 1595 6,
1121 1518 1151 1579 9.
1171 1519 1234 1594 10,,
1251 1519 1326 1578 udde
1345 1523 1428 1578 return
1444 1520 1512 1578 nde·

371 1635 447 1709 glum
468 1648 515 1709 ep.
538 1625 631 1685 Pluut.
651 1623 681 1680 in
702 1619 841 1698 Amphitr.
864 1639 982 1698 suppos.
1005 1643 1035 1701 p.
1057 1621 1106 1684 88.
1133 1621 1178 1678 ed.
1200 1618 1323 1680 Tanbm.
1357 1619 1464 1680 Furnos
1483 1631 1511 1678 et

371 1753 455 1792 mora
476 1730 577 1790 Bilem
597 1728 631 1784 in
657 1743 765 1782 νιοονοι
789 1724 938 1780 nuncium.
982 1722 1159 1800 Impraneuu
1186 1723 1273 1799 igitur
1298 1731 1329 1784 ut
1357 1727 1511 1784 ἱονοοοίοο

371 1835 571 1918 ΡΙοιιῐ.1οορ1.
594 1832 631 1906 1,
655 1829 692 1904 1,
715 1829 744 1891 2.
773 1825 833 1889 Cic.
854 1825 946 1904 Epist·
969 1825 1005 1884 ml
1029 1823 1090 1884 Div·
1110 1827 1145 1900 8,
1170 1825 1207 1901 8,
1227 1823 1256 1888 4.
1278 1833 1307 1885 et
1330 1827 1414 1906 Apul.
1433 1827 1511 1886 Flor.

372 1957 401 2016 p.
424 1932 496 2000 243,
533 1934 593 2011 Qui
612 1928 691 1992 nillil
710 1925 799 1986 habet
819 1926 927 2009 ufflrre
947 1947 1002 1985 cur
1015 1927 1181 2004 prandeat,
1198 1929 1371 2006 ienprnneue
1384 1930 1429 1988 ad
1440 1951 1512 2008 opus

365 2040 455 2119 sorau
476 2035 648 2094 extruditur.
682 2032 866 2108 Quapropter
890 2047 958 2088 cave
982 2027 1159 2088 obsecunden
1181 2029 1328 2088 Maecilio
1356 2037 1386 2090 et
1412 2031 1513 2091 Wad-

373 2139 450 2200 doliu
471 2147 515 2220 (p.
536 2133 618 2218 75.)‚
640 2133 688 2210 qui
712 2130 785 2189 bene
801 2150 934 2207 prunum
955 2133 1134 2208 interpretari
1156 2132 1272 2196 iunlunt.
1309 2133 1364 2191 ffic
1384 2153 1444 2192 non
1464 2136 1514 2194 cle-

374 2241 459 2300 bebet
478 2258 539 2299 rem
557 2235 722 2296 dissimilem
737 2234 798 2298 Set.
818 2233 848 2308 1,
864 2229 896 2308 4,
914 2233 978 2309 88,
996 2231 1043 2290 ille
1056 2231 1149 2294 Pluut.
1165 2233 1276 2312 Cnptiv.
1293 2233 1324 2311 1,
1336 2238 1365 2311 1,
1380 2236 1514 2299 17-19.

374 2342 519 2412 conferre;
547 2339 630 2416 quid,
660 2337 737 2414 qnod
761 2341 792 2395 et
817 2334 865 2393 elii
891 2333 944 2394 hnc
971 2333 1090 2394 hominio
1115 2333 1190 2392 inme
1208 2333 1305 2393 infesti
1326 2337 1515 2416 descriptione

375 2443 477 2502 offensi
503 2445 579 2500 runt.
622 2439 661 2498 At
687 2437 780 2496 bonne
806 2437 853 2496 ille
874 2435 1003 2495 Maenius
1028 2455 1062 2496 ex
1089 2455 1124 2494 eo
1146 2454 1252 2512 genere
1273 2435 1415 2496 hominum
1432 2441 1516 2516 jocu-

376 2545 472 2602 lariter
492 2543 609 2618 fingitur
630 2559 705 2614 esse,
726 2541 785 2617 qui,
805 2538 830 2598 ei
851 2557 908 2614 qnu
928 2555 997 2596 nura
1018 2539 1122 2596 refluus
1143 2559 1211 2597 siros
1232 2539 1270 2596 ud
1291 2538 1381 2599 lautus
1402 2559 1515 2600 mensas

375 2645 501 2706 retardet
521 2644 566 2702 vel
590 2643 680 2720 rejicit
701 2659 817 2717 currens,
845 2639 944 2700 animis
966 2643 1168 2718 exasperantur
1190 2646 1219 2699 et
1239 2638 1306 2699 feris
1333 2641 1437 2701 rimilee
1459 2641 1517 2702 nlte

376 2767 447 2808 voce
466 2747 634 2826 praedatum
655 2751 723 2804 eunt
742 2761 835 2821 neque
853 2741 933 2820 prius
954 2741 1095 2799 leniuntur
1115 2760 1199 2818 quum
1220 2741 1306 2802 ollem
1324 2745 1469 2821 rapuerint
1489 2749 1517 2804 et

376 2853 524 2911 latrantem
545 2847 719 2908 stomachum
742 2845 889 2927 pleonrint.
931 2841 1009 2901 lineo
1030 2849 1075 2902 eut
1100 2845 1129 2902 iu
1150 2845 1241 2922 ligure
1261 2845 1382 2904 hominis
1407 2847 1516 2924 semine,

377 2972 449 3034 quae
471 2953 545 3012 sume
569 2957 689 3030 urgente
709 2952 809 3028 ipsum
827 2945 958 3004 umr‘cum
978 2941 1018 3002 ab
1039 2945 1159 3002 ἰοίοιὶοο
1179 2965 1237 3004 nou
1257 2945 1435 3013 internoscit.
1469 2949 1517 3006 Sic

378 3057 447 3116 hoec
466 3054 554 3114 verbu
573 3053 691 3130 intelligi
718 3050 793 3110 malo
818 3067 903 3126 quam
930 3065 994 3105 cnm
1020 3047 1151 3126 oruqun
1177 3045 1312 3124 (auctore
1339 3051 1402 3127 ejus
1427 3050 1519 3109 Scho-

379 3155 495 3234 liuste),
522 3153 654 3224 Orellrir,
677 3151 851 3223 Diiutzero,
882 3149 945 3211 aliie
969 3149 1088 3210 sentire:
1119 3151 1237 3227 „nivem
1257 3169 1275 3208 e
1294 3153 1447 3228 peregrino
1472 3151 1517 3210 vel

380 3265 524 3316 extraneo.
533 3255 555 3292 “
596 3257 708 3315 Etenim
735 3257 813 3333 prior
836 3252 884 3312 illn
909 3249 989 3310 verbi
1016 3253 1114 3328 notio,
1143 3253 1179 3311 de
1200 3271 1257 3329 qun
1278 3253 1405 3332 disputet
1430 3253 1519 3310 Beier

381 3359 417 3415 ud
433 3357 494 3416 Cic.
517 3357 553 3416 ‹le
575 3357 662 3417 Offic.
684 3359 714 3434 1,
738 3359 788 3432 12,
810 3355 862 3417 87.
882 3359 912 3414 et
930 3373 959 3431 p.
983 3351 1055 3415 846.
1074 3355 1133 3431 jum
1154 3353 1264 3432 pridem
1281 3356 1428 3415 immutate
1447 3363 1517 3414 eret.

381 3457 435 3517 nst
454 3458 559 3518 locutio
580 3458 709 3518 Plautina
730 3458 759 3515 in
776 3457 858 3519 Triu.
881 3457 911 3532 1,
934 3458 965 3529 2,
986 3453 1037 3518 65.
1071 3455 1211 3512 Hostum
1228 3473 1270 3512 οο
1286 3457 1360 3514 civit
1377 3457 1519 3528 comedis,

379 3561 470 3636 parvi
485 3560 622 3636 pendere.
649 3558 714 3618 Liv.
738 3560 794 3634 10,
816 3559 875 3633 36,
897 3558 927 3620 8·
949 3555 1026 3634 (coll.
1046 3556 1076 3633 5,
1099 3559 1130 3632 8,
1153 3557 1218 3634 11.)
1244 3557 1339 3638 elige,
1367 3577 1438 3616 uum
1457 3559 1519 3616 cive

382 3679 425 3717 an
445 3657 524 3717 leonte
542 3680 684 3740 pugrwre
704 3658 843 3732 mulie.*)
870 3693 912 3706 -
942 3661 976 3724 V.
997 3659 1050 3723 80.
1084 3657 1240 3735 Quaelibet
1254 3661 1377 3740 fingere
1400 3681 1518 3732 οοοννο,

382 3765 403 3821 i.
419 3780 444 3824 e.
462 3765 531 3839 „qui
548 3762 602 3821 hnc
618 3763 733 3822 feritate
749 3762 876 3820 concitur
895 3760 1010 3821 cuilibet
1029 3759 1182 3840 opprobrie
1200 3763 1291 3821 omniu
1308 3763 1421 3842 generis
1438 3763 1520 3823 ullin-

384 3861 503 3942 geret.“
531 3861 574 3920 Ite
594 3862 663 3922 Sell.
689 3865 755 3941 Jog.
778 3859 837 3940 44,
859 3863 889 3927 6.
928 3883 1131 3944 quoecumque
1156 3861 1218 3920 dici
1237 3873 1292 3921 aut
1302 3867 1391 3947 fingi
1410 3875 1521 3948 queunt

469 4139 498 4207 ⁸)
519 4139 582 4191 Nou
595 4138 660 4192 mule
680 4139 793 4196 Verrius.-
814 4143 895 4212 „Der
915 4143 1081 4213 ungenittigt
1096 4141 1171 4196 nieht
1186 4143 1238 4198 den
1251 4143 1416 4198 lanndnmunn
1431 4141 1522 4197 nclriecl

385 4243 439 4282 run
452 4225 511 4279 dem
525 4223 686 4292 Erbleind‚“
701 4224 849 4294 elegantius
863 4229 890 4281 J.
903 4228 1020 4282 Merkel.-
1036 4229 1112 4296 „Der
1121 4227 1167 4282 bei
1178 4230 1349 4284 nichternem
1359 4229 1456 4297 ningen
1470 4228 1523 4280 den

387 4311 474 4365 lleiud
488 4307 562 4364 nicht
581 4309 671 4363 ouhied
690 4327 741 4364 ron
760 4313 818 4364 dero
832 4314 995 4379 Frondem
1015 4312 1138 4368 similiter
1158 4315 1336 4384 Wielundiem
1359 4313 1477 4366 seleno
1493 4319 1524 4364 et

390 4395 518 4450 annuo.
543 4395 645 4448 Contra
660 4397 689 4448 0.
706 4395 854 4450 Pmruuiuee
874 4398 969 4466 „Dor‚
984 4415 1015 4453 oo
1030 4399 1080 4453 dun
1093 4399 1181 4453 Euuen
1194 4399 1327 4468 gebrech,
1342 4395 1414 4452 nicht
1427 4395 1522 4451 colried

389 4494 448 4532 rom
461 4480 566 4549 Birger
579 4480 631 4533 deu
642 4479 825 4550 Frendling.“
847 4483 954 4538 Hortum
966 4485 1097 4540 interdum
1110 4501 1161 4554 pro
1174 4483 1279 4540 inimico
1293 4483 1369 4556 queri
1381 4500 1443 4537 enne
1455 4481 1524 4538 lunc

390 4563 510 4634 exemplu
527 4563 674 4620 sufficient:
695 4566 754 4620 Cic.
769 4565 796 4617 in
812 4567 889 4620 Verr.
908 4567 939 4636 5,
954 4571 1000 4639 66,
1019 4571 1075 4626 169.
1098 4570 1211 4638 nomini,
1229 4569 1339 4643 generi,
1352 4569 1414 4639 iuri
1430 4567 1524 4626 dote·
