<?xml version="1.0" encoding="UTF-8"?>
<!DOCTYPE html PUBLIC "-//W3C//DTD XHTML 1.0 Transitional//EN"
    "http://www.w3.org/TR/xhtml1/DTD/xhtml1-transitional.dtd">
<html xmlns="http://www.w3.org/1999/xhtml" xml:lang="en" lang="en">
 <head>
  <title>
</title>
<meta http-equiv="Content-Type" content="text/html;charset=utf-8" />
  <meta name='ocr-system' content='tesseract 3.04.00' />
  <meta name='ocr-capabilities' content='ocr_page ocr_carea ocr_par ocr_line ocrx_word'/>
</head>
<body>
  <div class='ocr_page' id='page_1' title='image "./quintihoratiifl00schmgoog_0184.png"; bbox 0 0 3430 5324; ppageno 0'>
   <div class='ocr_carea' id='block_1_1' title="bbox 219 462 1354 538">
    <p class='ocr_par' dir='ltr' id='par_1_1' title="bbox 219 462 1354 538">
     <span class='ocr_line' id='line_1_1' title="bbox 219 462 1354 538; baseline -0.008 0"><span class='ocrx_word' id='word_1_1' title='bbox 219 473 258 538; x_wconf 99' lang='grc'><strong>18</strong></span> <span class='ocrx_word' id='word_1_2' title='bbox 301 469 514 532; x_wconf 76' lang='grc' dir='ltr'><strong>ΟΟΜΜΕΝΤ.</strong></span> <span class='ocrx_word' id='word_1_3' title='bbox 528 469 573 530; x_wconf 89' lang='lat' dir='ltr'><strong>IN</strong></span> <span class='ocrx_word' id='word_1_4' title='bbox 585 467 678 530; x_wconf 81' lang='lat' dir='ltr'><strong>HOR.</strong></span> <span class='ocrx_word' id='word_1_5' title='bbox 691 465 766 532; x_wconf 88' lang='lat' dir='ltr'><strong>LlB.</strong></span> <span class='ocrx_word' id='word_1_6' title='bbox 780 468 804 528; x_wconf 89' lang='grc' dir='ltr'><strong>Ι.</strong></span> <span class='ocrx_word' id='word_1_7' title='bbox 838 466 959 528; x_wconf 78' lang='lat' dir='ltr'><strong>EPIST.</strong></span> <span class='ocrx_word' id='word_1_8' title='bbox 976 466 1095 530; x_wconf 84' lang='lat' dir='ltr'><strong>TERT.</strong></span> <span class='ocrx_word' id='word_1_9' title='bbox 1109 466 1242 530; x_wconf 74' lang='lat' dir='ltr'><strong>numu.</strong></span> <span class='ocrx_word' id='word_1_10' title='bbox 1293 462 1354 535; x_wconf 84' lang='grc'><strong>178</strong></span> 
     </span>
    </p>
   </div>
   <div class='ocr_carea' id='block_1_2' title="bbox 192 653 1426 3805">
    <p class='ocr_par' dir='ltr' id='par_1_2' title="bbox 192 653 1426 3805">
     <span class='ocr_line' id='line_1_2' title="bbox 297 653 1355 736; baseline -0.005 -16"><span class='ocrx_word' id='word_1_11' title='bbox 297 660 331 721; x_wconf 89' lang='lat' dir='ltr'><strong>V.</strong></span> <span class='ocrx_word' id='word_1_12' title='bbox 350 661 443 724; x_wconf 83' lang='lat'><strong>6—8.</strong></span> <span class='ocrx_word' id='word_1_13' title='bbox 484 657 520 716; x_wconf 74' lang='lat' dir='ltr'><strong>Se&#39;</strong></span> <span class='ocrx_word' id='word_1_14' title='bbox 539 667 567 714; x_wconf 81' lang='lat' dir='ltr'><strong>te</strong></span> <span class='ocrx_word' id='word_1_15' title='bbox 579 657 660 736; x_wconf 80' lang='lat' dir='ltr'><strong>forte</strong></span> <span class='ocrx_word' id='word_1_16' title='bbox 678 689 722 701; x_wconf 88' lang='lat'><strong>--</strong></span> <span class='ocrx_word' id='word_1_17' title='bbox 739 657 899 736; x_wconf 57' lang='lat' dir='ltr'><strong>impingua.</strong></span> <span class='ocrx_word' id='word_1_18' title='bbox 940 656 1002 714; x_wconf 82' lang='lat' dir='ltr'><strong>lam</strong></span> <span class='ocrx_word' id='word_1_19' title='bbox 1023 655 1105 732; x_wconf 80' lang='lat' dir='ltr'><strong>lingit</strong></span> <span class='ocrx_word' id='word_1_20' title='bbox 1121 653 1194 716; x_wconf 83' lang='lat' dir='ltr'><strong>Hor.</strong></span> <span class='ocrx_word' id='word_1_21' title='bbox 1213 653 1355 715; x_wconf 85' lang='lat' dir='ltr'><strong>hominem</strong></span> 
     </span>
     <span class='ocr_line' id='line_1_3' title="bbox 211 755 1354 838; baseline -0.009 -14"><span class='ocrx_word' id='word_1_22' title='bbox 211 763 287 824; x_wconf 88' lang='lat' dir='ltr'><strong>illum</strong></span> <span class='ocrx_word' id='word_1_23' title='bbox 308 764 338 822; x_wconf 91' lang='lat' dir='ltr'><strong>iu</strong></span> <span class='ocrx_word' id='word_1_24' title='bbox 358 762 404 820; x_wconf 84' lang='lat' dir='ltr'><strong>via</strong></span> <span class='ocrx_word' id='word_1_25' title='bbox 422 760 623 838; x_wconf 77' lang='lat' dir='ltr'><strong>procedentem</strong></span> <span class='ocrx_word' id='word_1_26' title='bbox 644 763 673 818; x_wconf 89' lang='lat' dir='ltr'><strong>et</strong></span> <span class='ocrx_word' id='word_1_27' title='bbox 693 757 828 828; x_wconf 83' lang='lat' dir='ltr'><strong>librorum</strong></span> <span class='ocrx_word' id='word_1_28' title='bbox 849 776 936 818; x_wconf 90' lang='lat' dir='ltr'><strong>onere</strong></span> <span class='ocrx_word' id='word_1_29' title='bbox 954 757 1128 818; x_wconf 70' lang='lat' dir='ltr'><strong>laborantem</strong></span> <span class='ocrx_word' id='word_1_30' title='bbox 1144 757 1267 834; x_wconf 85' lang='lat' dir='ltr'><strong>indeque</strong></span> <span class='ocrx_word' id='word_1_31' title='bbox 1280 755 1354 816; x_wconf 86' lang='lat' dir='ltr'><strong>mele</strong></span> 
     </span>
     <span class='ocr_line' id='line_1_4' title="bbox 210 859 1353 944; baseline -0.007 -18"><span class='ocrx_word' id='word_1_32' title='bbox 210 863 360 940; x_wconf 76' lang='lat' dir='ltr'><strong>affectum,</strong></span> <span class='ocrx_word' id='word_1_33' title='bbox 380 869 412 922; x_wconf 89' lang='lat' dir='ltr'><strong>ut</strong></span> <span class='ocrx_word' id='word_1_34' title='bbox 428 861 582 922; x_wconf 80' lang='lat' dir='ltr'><strong>verendum</strong></span> <span class='ocrx_word' id='word_1_35' title='bbox 600 861 656 936; x_wconf 80' lang='lat' dir='ltr'><strong>sit,</strong></span> <span class='ocrx_word' id='word_1_36' title='bbox 676 877 731 937; x_wconf 87' lang='lat' dir='ltr'><strong>ne,</strong></span> <span class='ocrx_word' id='word_1_37' title='bbox 752 879 837 944; x_wconf 82' lang='lat' dir='ltr'><strong>quum</strong></span> <span class='ocrx_word' id='word_1_38' title='bbox 857 862 886 918; x_wconf 92' lang='lat' dir='ltr'><strong>in</strong></span> <span class='ocrx_word' id='word_1_39' title='bbox 903 859 1041 939; x_wconf 76' lang='lat' dir='ltr'><strong>Principia</strong></span> <span class='ocrx_word' id='word_1_40' title='bbox 1059 860 1208 920; x_wconf 78' lang='lat' dir='ltr'><strong>advenerit</strong></span> <span class='ocrx_word' id='word_1_41' title='bbox 1229 859 1353 936; x_wconf 78' lang='lat' dir='ltr'><strong>domum,</strong></span> 
     </span>
     <span class='ocr_line' id='line_1_5' title="bbox 209 958 1353 1044; baseline -0.009 -18"><span class='ocrx_word' id='word_1_42' title='bbox 209 965 373 1027; x_wconf 78' lang='lat' dir='ltr'><strong>indecenter</strong></span> <span class='ocrx_word' id='word_1_43' title='bbox 392 966 410 1024; x_wconf 91' lang='lat' dir='ltr'><strong>i.</strong></span> <span class='ocrx_word' id='word_1_44' title='bbox 431 984 458 1026; x_wconf 85' lang='lat' dir='ltr'><strong>e.</strong></span> <span class='ocrx_word' id='word_1_45' title='bbox 480 965 588 1044; x_wconf 90' lang='lat' dir='ltr'><strong>impetn</strong></span> <span class='ocrx_word' id='word_1_46' title='bbox 607 961 731 1040; x_wconf 85' lang='lat' dir='ltr'><strong>quodam</strong></span> <span class='ocrx_word' id='word_1_47' title='bbox 750 961 838 1021; x_wconf 80' lang='lat' dir='ltr'><strong>libros</strong></span> <span class='ocrx_word' id='word_1_48' title='bbox 852 962 978 1042; x_wconf 88' lang='lat' dir='ltr'><strong>deponat</strong></span> <span class='ocrx_word' id='word_1_49' title='bbox 996 960 1186 1038; x_wconf 72' lang='lat' dir='ltr'><strong>ridiculusque</strong></span> <span class='ocrx_word' id='word_1_50' title='bbox 1202 958 1265 1018; x_wconf 85' lang='lat' dir='ltr'><strong>liet.</strong></span> <span class='ocrx_word' id='word_1_51' title='bbox 1278 958 1353 1018; x_wconf 86' lang='lat' dir='ltr'><strong>Hine</strong></span> 
     </span>
     <span class='ocr_line' id='line_1_6' title="bbox 208 1059 1353 1142; baseline -0.01 -12"><span class='ocrx_word' id='word_1_52' title='bbox 208 1068 366 1130; x_wconf 69' lang='lat' dir='ltr'><strong>uhortatio</strong></span> <span class='ocrx_word' id='word_1_53' title='bbox 387 1067 446 1126; x_wconf 85' lang='lat' dir='ltr'><strong>illa:</strong></span> <span class='ocrx_word' id='word_1_54' title='bbox 467 1065 591 1124; x_wconf 76' lang='lat' dir='ltr'><strong>Abicito</strong></span> <span class='ocrx_word' id='word_1_55' title='bbox 610 1059 712 1142; x_wconf 58' lang='lat' dir='ltr'><strong>polana</strong></span> <span class='ocrx_word' id='word_1_56' title='bbox 733 1069 804 1139; x_wconf 77' lang='lat' dir='ltr'><strong>etc,</strong></span> <span class='ocrx_word' id='word_1_57' title='bbox 826 1081 917 1141; x_wconf 87' lang='lat' dir='ltr'><strong>quam.</strong></span> <span class='ocrx_word' id='word_1_58' title='bbox 931 1085 1014 1126; x_wconf 81' lang='lat' dir='ltr'><strong>aecus</strong></span> <span class='ocrx_word' id='word_1_59' title='bbox 1035 1083 1100 1126; x_wconf 77' lang='lat' dir='ltr'><strong>eece</strong></span> <span class='ocrx_word' id='word_1_60' title='bbox 1123 1061 1213 1140; x_wconf 84' lang='lat' dir='ltr'><strong>(haud</strong></span> <span class='ocrx_word' id='word_1_61' title='bbox 1232 1061 1292 1120; x_wconf 81' lang='lat' dir='ltr'><strong>acio</strong></span> <span class='ocrx_word' id='word_1_62' title='bbox 1315 1079 1353 1118; x_wconf 86' lang='lat' dir='ltr'><strong>un</strong></span> 
     </span>
     <span class='ocr_line' id='line_1_7' title="bbox 207 1148 1353 1252; baseline -0.01 -21"><span class='ocrx_word' id='word_1_63' title='bbox 207 1175 325 1230; x_wconf 83' lang='lat' dir='ltr'><strong>anctore</strong></span> <span class='ocrx_word' id='word_1_64' title='bbox 347 1167 444 1228; x_wconf 82' lang='lat' dir='ltr'><strong>Schol.</strong></span> <span class='ocrx_word' id='word_1_65' title='bbox 466 1169 570 1252; x_wconf 84' lang='lat' dir='ltr'><strong>Cruq.:</strong></span> <span class='ocrx_word' id='word_1_66' title='bbox 598 1167 715 1243; x_wconf 88' lang='lat' dir='ltr'><strong>„redde</strong></span> <span class='ocrx_word' id='word_1_67' title='bbox 733 1148 852 1244; x_wconf 60' lang='lat' dir='ltr'><strong>milri“)‘</strong></span> <span class='ocrx_word' id='word_1_68' title='bbox 862 1166 1031 1244; x_wconf 78' lang='lat' dir='ltr'><strong>Oruquiua,</strong></span> <span class='ocrx_word' id='word_1_69' title='bbox 1052 1161 1207 1248; x_wconf 58' lang='lat' dir='ltr'><strong>Drinum,</strong></span> <span class='ocrx_word' id='word_1_70' title='bbox 1227 1161 1353 1222; x_wconf 68' lang='lat' dir='ltr'><strong>Daun-</strong></span> 
     </span>
     <span class='ocr_line' id='line_1_8' title="bbox 207 1266 1352 1351; baseline -0.003 -21"><span class='ocrx_word' id='word_1_71' title='bbox 207 1271 318 1351; x_wconf 76' lang='lat' dir='ltr'><strong>burger</strong></span> <span class='ocrx_word' id='word_1_72' title='bbox 335 1269 448 1347; x_wconf 85' lang='lat' dir='ltr'><strong>dicunt,</strong></span> <span class='ocrx_word' id='word_1_73' title='bbox 470 1287 555 1347; x_wconf 88' lang='lat' dir='ltr'><strong>quum</strong></span> <span class='ocrx_word' id='word_1_74' title='bbox 576 1268 646 1328; x_wconf 91' lang='lat' dir='ltr'><strong>illud</strong></span> <span class='ocrx_word' id='word_1_75' title='bbox 663 1266 827 1342; x_wconf 79' lang='lat' dir='ltr'><strong>abjiciendi</strong></span> <span class='ocrx_word' id='word_1_76' title='bbox 843 1268 990 1328; x_wconf 80' lang='lat' dir='ltr'><strong>consilium</strong></span> <span class='ocrx_word' id='word_1_77' title='bbox 1007 1267 1044 1328; x_wconf 82' lang='lat' dir='ltr'><strong>ad</strong></span> <span class='ocrx_word' id='word_1_78' title='bbox 1061 1267 1155 1346; x_wconf 79' lang='lat' dir='ltr'><strong>ipsum</strong></span> <span class='ocrx_word' id='word_1_79' title='bbox 1172 1267 1266 1326; x_wconf 76' lang='lat' dir='ltr'><strong>oneris</strong></span> <span class='ocrx_word' id='word_1_80' title='bbox 1287 1285 1352 1326; x_wconf 80' lang='lat' dir='ltr'><strong>nur-</strong></span> 
     </span>
     <span class='ocr_line' id='line_1_9' title="bbox 206 1366 1352 1452; baseline -0.005 -20"><span class='ocrx_word' id='word_1_81' title='bbox 206 1375 284 1452; x_wconf 87' lang='lat' dir='ltr'><strong>cepti</strong></span> <span class='ocrx_word' id='word_1_82' title='bbox 304 1379 417 1452; x_wconf 72' lang='lat' dir='ltr'><strong>tempus</strong></span> <span class='ocrx_word' id='word_1_83' title='bbox 440 1371 588 1450; x_wconf 82' lang='lat' dir='ltr'><strong>referunt,</strong></span> <span class='ocrx_word' id='word_1_84' title='bbox 609 1373 660 1432; x_wconf 80' lang='lat' dir='ltr'><strong>ned</strong></span> <span class='ocrx_word' id='word_1_85' title='bbox 682 1373 739 1448; x_wconf 88' lang='lat' dir='ltr'><strong>itu,</strong></span> <span class='ocrx_word' id='word_1_86' title='bbox 765 1377 797 1430; x_wconf 88' lang='lat' dir='ltr'><strong>ut</strong></span> <span class='ocrx_word' id='word_1_87' title='bbox 816 1371 845 1428; x_wconf 90' lang='lat' dir='ltr'><strong>iu</strong></span> <span class='ocrx_word' id='word_1_88' title='bbox 864 1367 971 1430; x_wconf 81' lang='lat' dir='ltr'><strong>rethia:</strong></span> <span class='ocrx_word' id='word_1_89' title='bbox 996 1366 1033 1426; x_wconf 80' lang='lat' dir='ltr'><strong>Si</strong></span> <span class='ocrx_word' id='word_1_90' title='bbox 1053 1377 1080 1423; x_wconf 78' lang='lat' dir='ltr'><strong>tc</strong></span> <span class='ocrx_word' id='word_1_91' title='bbox 1101 1379 1228 1426; x_wconf 81' lang='lat' dir='ltr'><strong>uret-</strong></span> <span class='ocrx_word' id='word_1_92' title='bbox 1247 1369 1277 1427; x_wconf 93' lang='lat' dir='ltr'><strong>in</strong></span> <span class='ocrx_word' id='word_1_93' title='bbox 1297 1367 1352 1426; x_wconf 87' lang='lat' dir='ltr'><strong>aliu</strong></span> 
     </span>
     <span class='ocr_line' id='line_1_10' title="bbox 207 1469 1351 1554; baseline -0.006 -20"><span class='ocrx_word' id='word_1_94' title='bbox 207 1476 302 1534; x_wconf 84' lang='lat' dir='ltr'><strong>omnia</strong></span> <span class='ocrx_word' id='word_1_95' title='bbox 321 1471 437 1532; x_wconf 86' lang='lat' dir='ltr'><strong>abeunt.</strong></span> <span class='ocrx_word' id='word_1_96' title='bbox 479 1472 630 1550; x_wconf 69' lang='lat' dir='ltr'><strong>Crnqur&#39;ru</strong></span> <span class='ocrx_word' id='word_1_97' title='bbox 645 1475 719 1534; x_wconf 87' lang='lat' dir='ltr'><strong>enim</strong></span> <span class='ocrx_word' id='word_1_98' title='bbox 735 1473 793 1554; x_wconf 89' lang='lat' dir='ltr'><strong>(cui</strong></span> <span class='ocrx_word' id='word_1_99' title='bbox 807 1471 930 1532; x_wconf 79' lang='lat' dir='ltr'><strong>Abicite</strong></span> <span class='ocrx_word' id='word_1_100' title='bbox 944 1479 1001 1532; x_wconf 81' lang='lat' dir='ltr'><strong>eet:</strong></span> <span class='ocrx_word' id='word_1_101' title='bbox 1021 1475 1193 1550; x_wconf 79' lang='lat' dir='ltr'><strong>‚,re&#39;cuento,</strong></span> <span class='ocrx_word' id='word_1_102' title='bbox 1213 1469 1351 1530; x_wconf 81' lang='lat' dir='ltr'><strong>remittito</strong></span> 
     </span>
     <span class='ocr_line' id='line_1_11' title="bbox 204 1571 1426 1655; baseline -0.006 -19"><span class='ocrx_word' id='word_1_103' title='bbox 204 1578 242 1636; x_wconf 85' lang='lat' dir='ltr'><strong>od</strong></span> <span class='ocrx_word' id='word_1_104' title='bbox 262 1574 356 1652; x_wconf 80' lang='lat' dir='ltr'><strong>nos“)</strong></span> <span class='ocrx_word' id='word_1_105' title='bbox 375 1573 467 1632; x_wconf 91' lang='lat' dir='ltr'><strong>Vlnuii</strong></span> <span class='ocrx_word' id='word_1_106' title='bbox 487 1575 647 1655; x_wconf 75' lang='lat' dir='ltr'><strong>pigritiam,</strong></span> <span class='ocrx_word' id='word_1_107' title='bbox 676 1594 733 1654; x_wconf 90' lang='lat' dir='ltr'><strong>qua</strong></span> <span class='ocrx_word' id='word_1_108' title='bbox 758 1577 782 1634; x_wconf 84' lang='lat' dir='ltr'><strong>ie</strong></span> <span class='ocrx_word' id='word_1_109' title='bbox 806 1580 887 1635; x_wconf 88' lang='lat' dir='ltr'><strong>tanto</strong></span> <span class='ocrx_word' id='word_1_110' title='bbox 908 1595 940 1634; x_wconf 87' lang='lat' dir='ltr'><strong>ae</strong></span> <span class='ocrx_word' id='word_1_111' title='bbox 961 1575 1040 1634; x_wconf 86' lang='lat' dir='ltr'><strong>oneri</strong></span> <span class='ocrx_word' id='word_1_112' title='bbox 1066 1573 1186 1634; x_wconf 83' lang='lat' dir='ltr'><strong>serendo</strong></span> <span class='ocrx_word' id='word_1_113' title='bbox 1210 1591 1269 1630; x_wconf 92' lang='lat' dir='ltr'><strong>uon</strong></span> <span class='ocrx_word' id='word_1_114' title='bbox 1288 1571 1352 1630; x_wconf 86' lang='lat' dir='ltr'><strong>sore</strong></span> <span class='ocrx_word' id='word_1_115' title='bbox 1424 1637 1426 1642; x_wconf 47' lang='grc'><strong>,</strong></span> 
     </span>
     <span class='ocr_line' id='line_1_12' title="bbox 203 1670 1352 1757; baseline -0.006 -20"><span class='ocrx_word' id='word_1_116' title='bbox 203 1697 304 1756; x_wconf 87' lang='lat' dir='ltr'><strong>parem</strong></span> <span class='ocrx_word' id='word_1_117' title='bbox 324 1676 481 1752; x_wconf 74' lang='lat' dir='ltr'><strong>existimet,</strong></span> <span class='ocrx_word' id='word_1_118' title='bbox 510 1677 587 1735; x_wconf 83' lang='lat' dir='ltr'><strong>videt</strong></span> <span class='ocrx_word' id='word_1_119' title='bbox 606 1677 796 1756; x_wconf 75' lang='lat' dir='ltr'><strong>descriptam,</strong></span> <span class='ocrx_word' id='word_1_120' title='bbox 825 1675 1042 1757; x_wconf 70' lang='lat' dir='ltr'><strong>Ddlenburger</strong></span> <span class='ocrx_word' id='word_1_121' title='bbox 1059 1693 1178 1750; x_wconf 81' lang='lat' dir='ltr'><strong>verena,</strong></span> <span class='ocrx_word' id='word_1_122' title='bbox 1202 1692 1241 1733; x_wconf 89' lang='lat' dir='ltr'><strong>ne</strong></span> <span class='ocrx_word' id='word_1_123' title='bbox 1261 1670 1352 1731; x_wconf 86' lang='lat' dir='ltr'><strong>Poeta</strong></span> 
     </span>
     <span class='ocr_line' id='line_1_13' title="bbox 203 1773 1350 1859; baseline -0.005 -21"><span class='ocrx_word' id='word_1_124' title='bbox 203 1779 252 1838; x_wconf 87' lang='lat' dir='ltr'><strong>illa</strong></span> <span class='ocrx_word' id='word_1_125' title='bbox 273 1781 307 1836; x_wconf 82' lang='grc' dir='ltr'><strong>ιἰι</strong></span> <span class='ocrx_word' id='word_1_126' title='bbox 327 1777 432 1836; x_wconf 71' lang='lat' dir='ltr'><strong>icium</strong></span> <span class='ocrx_word' id='word_1_127' title='bbox 457 1775 616 1854; x_wconf 73' lang='lat' dir='ltr'><strong>abiectione</strong></span> <span class='ocrx_word' id='word_1_128' title='bbox 641 1780 746 1840; x_wconf 89' lang='lat' dir='ltr'><strong>nullum</strong></span> <span class='ocrx_word' id='word_1_129' title='bbox 767 1781 881 1859; x_wconf 78' lang='lat' dir='ltr'><strong>scriptia</strong></span> <span class='ocrx_word' id='word_1_130' title='bbox 903 1780 962 1838; x_wconf 80' lang='lat' dir='ltr'><strong>auin</strong></span> <span class='ocrx_word' id='word_1_131' title='bbox 988 1779 1112 1857; x_wconf 82' lang='lat' dir='ltr'><strong>pretium</strong></span> <span class='ocrx_word' id='word_1_132' title='bbox 1136 1780 1256 1851; x_wconf 83' lang='lat' dir='ltr'><strong>statuat,</strong></span> <span class='ocrx_word' id='word_1_133' title='bbox 1281 1773 1350 1832; x_wconf 94' lang='lat' dir='ltr'><strong>Vin-</strong></span> 
     </span>
     <span class='ocr_line' id='line_1_14' title="bbox 203 1875 1349 1958; baseline -0.005 -18"><span class='ocrx_word' id='word_1_134' title='bbox 203 1883 282 1940; x_wconf 87' lang='lat' dir='ltr'><strong>nium</strong></span> <span class='ocrx_word' id='word_1_135' title='bbox 298 1877 392 1957; x_wconf 85' lang='lat' dir='ltr'><strong>juberi</strong></span> <span class='ocrx_word' id='word_1_136' title='bbox 412 1880 503 1940; x_wconf 86' lang='lat' dir='ltr'><strong>credit</strong></span> <span class='ocrx_word' id='word_1_137' title='bbox 520 1882 662 1940; x_wconf 86' lang='lat' dir='ltr'><strong>remittere</strong></span> <span class='ocrx_word' id='word_1_138' title='bbox 683 1901 771 1958; x_wconf 78' lang='lat' dir='ltr'><strong>onus,</strong></span> <span class='ocrx_word' id='word_1_139' title='bbox 793 1884 817 1940; x_wconf 90' lang='lat' dir='ltr'><strong>si</strong></span> <span class='ocrx_word' id='word_1_140' title='bbox 837 1883 866 1941; x_wconf 94' lang='lat' dir='ltr'><strong>in</strong></span> <span class='ocrx_word' id='word_1_141' title='bbox 884 1882 985 1940; x_wconf 89' lang='lat' dir='ltr'><strong>itinere</strong></span> <span class='ocrx_word' id='word_1_142' title='bbox 1002 1881 1152 1940; x_wconf 82' lang='lat' dir='ltr'><strong>molentum</strong></span> <span class='ocrx_word' id='word_1_143' title='bbox 1167 1879 1197 1936; x_wconf 91' lang='lat' dir='ltr'><strong>id</strong></span> <span class='ocrx_word' id='word_1_144' title='bbox 1213 1875 1267 1935; x_wconf 81' lang='lat' dir='ltr'><strong>eibi</strong></span> <span class='ocrx_word' id='word_1_145' title='bbox 1286 1877 1349 1935; x_wconf 84' lang='lat' dir='ltr'><strong>sore</strong></span> 
     </span>
     <span class='ocr_line' id='line_1_15' title="bbox 203 1978 1349 2061; baseline -0.004 -19"><span class='ocrx_word' id='word_1_146' title='bbox 203 1982 327 2056; x_wconf 74' lang='lat' dir='ltr'><strong>ueneat,</strong></span> <span class='ocrx_word' id='word_1_147' title='bbox 354 1978 487 2038; x_wconf 65' lang='lat' dir='ltr'><strong>Dantur</strong></span> <span class='ocrx_word' id='word_1_148' title='bbox 505 1984 641 2042; x_wconf 87' lang='lat' dir='ltr'><strong>monitum</strong></span> <span class='ocrx_word' id='word_1_149' title='bbox 664 1983 723 2042; x_wconf 83' lang='lat' dir='ltr'><strong>vult</strong></span> <span class='ocrx_word' id='word_1_150' title='bbox 742 1984 891 2061; x_wconf 88' lang='lat' dir='ltr'><strong>Vinnium,</strong></span> <span class='ocrx_word' id='word_1_151' title='bbox 912 1989 943 2041; x_wconf 91' lang='lat' dir='ltr'><strong>ut</strong></span> <span class='ocrx_word' id='word_1_152' title='bbox 963 1984 988 2041; x_wconf 81' lang='lat' dir='ltr'><strong>ei</strong></span> <span class='ocrx_word' id='word_1_153' title='bbox 1008 1983 1084 2040; x_wconf 88' lang='lat' dir='ltr'><strong>sorte</strong></span> <span class='ocrx_word' id='word_1_154' title='bbox 1102 1999 1192 2058; x_wconf 79' lang='lat' dir='ltr'><strong>angor</strong></span> <span class='ocrx_word' id='word_1_155' title='bbox 1208 1980 1349 2057; x_wconf 86' lang='lat' dir='ltr'><strong>nimiaque</strong></span> 
     </span>
     <span class='ocr_line' id='line_1_16' title="bbox 203 2081 1349 2164; baseline -0.002 -22"><span class='ocrx_word' id='word_1_156' title='bbox 203 2085 241 2142; x_wconf 88' lang='lat' dir='ltr'><strong>de</strong></span> <span class='ocrx_word' id='word_1_157' title='bbox 268 2081 347 2140; x_wconf 84' lang='lat' dir='ltr'><strong>libris</strong></span> <span class='ocrx_word' id='word_1_158' title='bbox 372 2082 478 2142; x_wconf 88' lang='lat' dir='ltr'><strong>decore</strong></span> <span class='ocrx_word' id='word_1_159' title='bbox 505 2085 650 2144; x_wconf 77' lang='lat' dir='ltr'><strong>tradendis</strong></span> <span class='ocrx_word' id='word_1_160' title='bbox 677 2103 831 2144; x_wconf 77' lang='lat' dir='ltr'><strong>cinaeum</strong></span> <span class='ocrx_word' id='word_1_161' title='bbox 855 2091 982 2164; x_wconf 86' lang='lat' dir='ltr'><strong>premat,</strong></span> <span class='ocrx_word' id='word_1_162' title='bbox 1017 2101 1089 2144; x_wconf 80' lang='lat' dir='ltr'><strong>onus</strong></span> <span class='ocrx_word' id='word_1_163' title='bbox 1113 2082 1189 2142; x_wconf 89' lang='lat' dir='ltr'><strong>illico</strong></span> <span class='ocrx_word' id='word_1_164' title='bbox 1216 2100 1349 2142; x_wconf 84' lang='lat' dir='ltr'><strong>recusare</strong></span> 
     </span>
     <span class='ocr_line' id='line_1_17' title="bbox 202 2182 1348 2265; baseline -0.004 -21"><span class='ocrx_word' id='word_1_165' title='bbox 202 2203 289 2264; x_wconf 85' lang='lat' dir='ltr'><strong>quam</strong></span> <span class='ocrx_word' id='word_1_166' title='bbox 309 2183 453 2261; x_wconf 79' lang='lat' dir='ltr'><strong>succipere</strong></span> <span class='ocrx_word' id='word_1_167' title='bbox 473 2185 562 2246; x_wconf 85' lang='lat' dir='ltr'><strong>malit.</strong></span> <span class='ocrx_word' id='word_1_168' title='bbox 611 2187 778 2265; x_wconf 74' lang='lat' dir='ltr'><strong>Quanquam</strong></span> <span class='ocrx_word' id='word_1_169' title='bbox 799 2206 826 2250; x_wconf 82' lang='lat' dir='ltr'><strong>v.</strong></span> <span class='ocrx_word' id='word_1_170' title='bbox 847 2186 955 2248; x_wconf 78' lang='lat' dir='ltr'><strong>urendi</strong></span> <span class='ocrx_word' id='word_1_171' title='bbox 973 2185 1103 2264; x_wconf 85' lang='lat' dir='ltr'><strong>exempla</strong></span> <span class='ocrx_word' id='word_1_172' title='bbox 1129 2185 1211 2261; x_wconf 78' lang='lat' dir='ltr'><strong>liujus</strong></span> <span class='ocrx_word' id='word_1_173' title='bbox 1234 2182 1348 2260; x_wconf 90' lang='lat' dir='ltr'><strong>quidem</strong></span> 
     </span>
     <span class='ocr_line' id='line_1_18' title="bbox 201 2283 1348 2368; baseline -0.003 -22"><span class='ocrx_word' id='word_1_174' title='bbox 201 2286 317 2364; x_wconf 73' lang='lat' dir='ltr'><strong>guerin</strong></span> <span class='ocrx_word' id='word_1_175' title='bbox 334 2304 393 2344; x_wconf 93' lang='lat' dir='ltr'><strong>non</strong></span> <span class='ocrx_word' id='word_1_176' title='bbox 413 2303 531 2364; x_wconf 80' lang='lat' dir='ltr'><strong>prorsus</strong></span> <span class='ocrx_word' id='word_1_177' title='bbox 554 2289 658 2348; x_wconf 80' lang='lat' dir='ltr'><strong>desunt</strong></span> <span class='ocrx_word' id='word_1_178' title='bbox 679 2287 810 2366; x_wconf 76' lang='lat' dir='ltr'><strong>(Foebig.</strong></span> <span class='ocrx_word' id='word_1_179' title='bbox 832 2291 870 2348; x_wconf 88' lang='lat' dir='ltr'><strong>ad</strong></span> <span class='ocrx_word' id='word_1_180' title='bbox 891 2291 970 2368; x_wconf 83' lang='lat' dir='ltr'><strong>Virg.</strong></span> <span class='ocrx_word' id='word_1_181' title='bbox 992 2288 1066 2352; x_wconf 76' lang='lat' dir='ltr'><strong>neu</strong></span> <span class='ocrx_word' id='word_1_182' title='bbox 1088 2290 1123 2364; x_wconf 91' lang='lat'><strong>1,</strong></span> <span class='ocrx_word' id='word_1_183' title='bbox 1145 2283 1239 2362; x_wconf 83' lang='lat'>662),</span> <span class='ocrx_word' id='word_1_184' title='bbox 1257 2283 1348 2344; x_wconf 90' lang='lat' dir='ltr'><strong>nemi-</strong></span> 
     </span>
     <span class='ocr_line' id='line_1_19' title="bbox 200 2384 1348 2452; baseline -0.003 -5"><span class='ocrx_word' id='word_1_185' title='bbox 200 2407 266 2448; x_wconf 90' lang='lat' dir='ltr'><strong>nem</strong></span> <span class='ocrx_word' id='word_1_186' title='bbox 284 2393 380 2446; x_wconf 86' lang='lat' dir='ltr'><strong>tamen</strong></span> <span class='ocrx_word' id='word_1_187' title='bbox 392 2385 551 2450; x_wconf 82' lang='lat' dir='ltr'><strong>Romanum</strong></span> <span class='ocrx_word' id='word_1_188' title='bbox 569 2393 690 2449; x_wconf 79' lang='lat' dir='ltr'><strong>aomina</strong></span> <span class='ocrx_word' id='word_1_189' title='bbox 708 2401 774 2450; x_wconf 81' lang='lat' dir='ltr'><strong>uret</strong></span> <span class='ocrx_word' id='word_1_190' title='bbox 790 2391 830 2449; x_wconf 87' lang='lat' dir='ltr'><strong>ite</strong></span> <span class='ocrx_word' id='word_1_191' title='bbox 845 2392 1017 2452; x_wconf 81' lang='lat' dir='ltr'><strong>intellexisse</strong></span> <span class='ocrx_word' id='word_1_192' title='bbox 1037 2388 1262 2450; x_wconf 78' lang='lat' dir='ltr'><strong>existimaverim.</strong></span> <span class='ocrx_word' id='word_1_193' title='bbox 1283 2384 1348 2444; x_wconf 85' lang='lat' dir='ltr'><strong>Vid</strong></span> 
     </span>
     <span class='ocr_line' id='line_1_20' title="bbox 200 2489 1349 2573; baseline -0.005 -21"><span class='ocrx_word' id='word_1_194' title='bbox 200 2491 331 2572; x_wconf 88' lang='lat' dir='ltr'><strong>exempla</strong></span> <span class='ocrx_word' id='word_1_195' title='bbox 348 2509 436 2568; x_wconf 80' lang='lat' dir='ltr'><strong>supra</strong></span> <span class='ocrx_word' id='word_1_196' title='bbox 453 2493 591 2571; x_wconf 83' lang='lat' dir='ltr'><strong>indicata,</strong></span> <span class='ocrx_word' id='word_1_197' title='bbox 610 2495 747 2573; x_wconf 80' lang='lat' dir='ltr'><strong>imprimis</strong></span> <span class='ocrx_word' id='word_1_198' title='bbox 768 2495 853 2556; x_wconf 79' lang='lat' dir='ltr'><strong>Ovio.</strong></span> <span class='ocrx_word' id='word_1_199' title='bbox 871 2495 953 2554; x_wconf 87' lang='lat' dir='ltr'><strong>Rem.</strong></span> <span class='ocrx_word' id='word_1_200' title='bbox 974 2492 1037 2552; x_wconf 85' lang='lat' dir='ltr'><strong>llm.</strong></span> <span class='ocrx_word' id='word_1_201' title='bbox 1057 2491 1127 2559; x_wconf 78' lang='lat'><strong>235.</strong></span> <span class='ocrx_word' id='word_1_202' title='bbox 1148 2489 1292 2568; x_wconf 73' lang='lat' dir='ltr'><strong>Aspicis,</strong></span> <span class='ocrx_word' id='word_1_203' title='bbox 1313 2497 1349 2546; x_wconf 73' lang='lat' dir='ltr'><strong>ut</strong></span> 
     </span>
     <span class='ocr_line' id='line_1_21' title="bbox 194 2593 1347 2676; baseline -0.004 -22"><span class='ocrx_word' id='word_1_204' title='bbox 194 2615 323 2674; x_wconf 78' lang='lat' dir='ltr'><strong>premor</strong></span> <span class='ocrx_word' id='word_1_205' title='bbox 341 2596 524 2673; x_wconf 75' lang='lat' dir='ltr'><strong>rcrmrtjuga</strong></span> <span class='ocrx_word' id='word_1_206' title='bbox 539 2595 643 2672; x_wconf 74' lang='lat' dir='ltr'><strong>prium</strong></span> <span class='ocrx_word' id='word_1_207' title='bbox 657 2600 814 2668; x_wconf 73' lang='lat' dir='ltr'><strong>juvencos.</strong></span> <span class='ocrx_word' id='word_1_208' title='bbox 859 2595 904 2656; x_wconf 88' lang='lat' dir='ltr'><strong>De</strong></span> <span class='ocrx_word' id='word_1_209' title='bbox 922 2594 1156 2676; x_wconf 77' lang='lat' dir='ltr'><strong>Dillenbrcrgero</strong></span> <span class='ocrx_word' id='word_1_210' title='bbox 1176 2593 1347 2654; x_wconf 88' lang='lat' dir='ltr'><strong>mouendum</strong></span> 
     </span>
     <span class='ocr_line' id='line_1_22' title="bbox 198 2675 1410 2776; baseline -0.002 -20"><span class='ocrx_word' id='word_1_211' title='bbox 198 2698 329 2774; x_wconf 82' lang='lat' dir='ltr'><strong>videtur,</strong></span> <span class='ocrx_word' id='word_1_212' title='bbox 350 2714 422 2774; x_wconf 87' lang='lat' dir='ltr'><strong>quae</strong></span> <span class='ocrx_word' id='word_1_213' title='bbox 442 2715 496 2775; x_wconf 91' lang='lat' dir='ltr'><strong>per</strong></span> <span class='ocrx_word' id='word_1_214' title='bbox 511 2699 607 2774; x_wconf 75' lang='lat' dir='ltr'><strong>Jocum</strong></span> <span class='ocrx_word' id='word_1_215' title='bbox 627 2698 773 2776; x_wconf 75' lang='lat' dir='ltr'><strong>dicentiu,</strong></span> <span class='ocrx_word' id='word_1_216' title='bbox 799 2717 833 2758; x_wconf 89' lang='lat' dir='ltr'><strong>ea</strong></span> <span class='ocrx_word' id='word_1_217' title='bbox 854 2717 954 2759; x_wconf 78' lang='lat' dir='ltr'><strong>severe</strong></span> <span class='ocrx_word' id='word_1_218' title='bbox 976 2699 1114 2774; x_wconf 72' lang='lat' dir='ltr'><strong>anadeque</strong></span> <span class='ocrx_word' id='word_1_219' title='bbox 1135 2715 1193 2755; x_wconf 92' lang='lat' dir='ltr'><strong>non</strong></span> <span class='ocrx_word' id='word_1_220' title='bbox 1213 2715 1278 2756; x_wconf 81' lang='lat' dir='ltr'><strong>esse</strong></span> <span class='ocrx_word' id='word_1_221' title='bbox 1296 2713 1347 2754; x_wconf 85' lang='lat' dir='ltr'><strong>ex·</strong></span> <span class='ocrx_word' id='word_1_222' title='bbox 1406 2675 1410 2682; x_wconf 48' lang='grc'><strong>’</strong></span> 
     </span>
     <span class='ocr_line' id='line_1_23' title="bbox 196 2797 1347 2882; baseline -0.006 -21"><span class='ocrx_word' id='word_1_223' title='bbox 196 2799 341 2882; x_wconf 75' lang='lat' dir='ltr'><strong>plicando.</strong></span> <span class='ocrx_word' id='word_1_224' title='bbox 383 2797 431 2857; x_wconf 89' lang='lat' dir='ltr'><strong>Ne</strong></span> <span class='ocrx_word' id='word_1_225' title='bbox 451 2818 486 2858; x_wconf 85' lang='lat' dir='ltr'><strong>ee</strong></span> <span class='ocrx_word' id='word_1_226' title='bbox 503 2799 617 2875; x_wconf 87' lang='lat' dir='ltr'><strong>quidem</strong></span> <span class='ocrx_word' id='word_1_227' title='bbox 635 2799 768 2877; x_wconf 89' lang='lat' dir='ltr'><strong>opinione</strong></span> <span class='ocrx_word' id='word_1_228' title='bbox 783 2819 856 2878; x_wconf 79' lang='lat' dir='ltr'><strong>opus</strong></span> <span class='ocrx_word' id='word_1_229' title='bbox 873 2808 936 2876; x_wconf 87' lang='lat' dir='ltr'><strong>ent,</strong></span> <span class='ocrx_word' id='word_1_230' title='bbox 954 2817 1011 2878; x_wconf 85' lang='lat' dir='ltr'><strong>qua</strong></span> <span class='ocrx_word' id='word_1_231' title='bbox 1030 2798 1160 2858; x_wconf 76' lang='lat' dir='ltr'><strong>Orellisu</strong></span> <span class='ocrx_word' id='word_1_232' title='bbox 1174 2797 1236 2876; x_wconf 93' lang='lat' dir='ltr'><strong>(qni</strong></span> <span class='ocrx_word' id='word_1_233' title='bbox 1251 2804 1347 2856; x_wconf 84' lang='lat' dir='ltr'><strong>cetera</strong></span> 
     </span>
     <span class='ocr_line' id='line_1_24' title="bbox 195 2896 1346 2977; baseline -0.007 -16"><span class='ocrx_word' id='word_1_234' title='bbox 195 2909 277 2965; x_wconf 86' lang='lat' dir='ltr'><strong>recte</strong></span> <span class='ocrx_word' id='word_1_235' title='bbox 307 2897 441 2976; x_wconf 82' lang='lat' dir='ltr'><strong>explicat)</strong></span> <span class='ocrx_word' id='word_1_236' title='bbox 469 2907 499 2958; x_wconf 90' lang='lat' dir='ltr'><strong>et</strong></span> <span class='ocrx_word' id='word_1_237' title='bbox 529 2896 746 2977; x_wconf 81' lang='lat' dir='ltr'><strong>Dillenburger</strong></span> <span class='ocrx_word' id='word_1_238' title='bbox 773 2901 904 2962; x_wconf 84' lang='lat' dir='ltr'><strong>Vinnium</strong></span> <span class='ocrx_word' id='word_1_239' title='bbox 928 2902 965 2958; x_wconf 87' lang='lat' dir='ltr'><strong>ad</strong></span> <span class='ocrx_word' id='word_1_240' title='bbox 994 2919 1046 2959; x_wconf 82' lang='lat' dir='ltr'><strong>aua</strong></span> <span class='ocrx_word' id='word_1_241' title='bbox 1071 2901 1188 2977; x_wconf 78' lang='lat' dir='ltr'><strong>negotia</strong></span> <span class='ocrx_word' id='word_1_242' title='bbox 1215 2897 1346 2956; x_wconf 84' lang='lat' dir='ltr'><strong>iacienda</strong></span> 
     </span>
     <span class='ocr_line' id='line_1_25' title="bbox 194 2997 1346 3077; baseline -0.009 -11"><span class='ocrx_word' id='word_1_243' title='bbox 194 3007 322 3066; x_wconf 82' lang='lat' dir='ltr'><strong>Romam</strong></span> <span class='ocrx_word' id='word_1_244' title='bbox 342 2997 502 3077; x_wconf 85' lang='lat' dir='ltr'><strong>proiectum</strong></span> <span class='ocrx_word' id='word_1_245' title='bbox 524 3000 647 3058; x_wconf 82' lang='lat' dir='ltr'><strong>camina</strong></span> <span class='ocrx_word' id='word_1_246' title='bbox 666 3003 774 3058; x_wconf 88' lang='lat' dir='ltr'><strong>tantum</strong></span> <span class='ocrx_word' id='word_1_247' title='bbox 795 3000 883 3058; x_wconf 84' lang='lat' dir='ltr'><strong>officii</strong></span> <span class='ocrx_word' id='word_1_248' title='bbox 909 3017 995 3059; x_wconf 80' lang='lat' dir='ltr'><strong>cauea</strong></span> <span class='ocrx_word' id='word_1_249' title='bbox 1021 3019 1117 3058; x_wconf 82' lang='lat' dir='ltr'><strong>cecum</strong></span> <span class='ocrx_word' id='word_1_250' title='bbox 1136 3006 1269 3077; x_wconf 74' lang='lat' dir='ltr'><strong>portenae</strong></span> <span class='ocrx_word' id='word_1_251' title='bbox 1290 2997 1346 3056; x_wconf 82' lang='lat' dir='ltr'><strong>sibi</strong></span> 
     </span>
     <span class='ocr_line' id='line_1_26' title="bbox 192 3098 1345 3186; baseline -0.003 -25"><span class='ocrx_word' id='word_1_252' title='bbox 192 3103 382 3186; x_wconf 77' lang='lat' dir='ltr'><strong>persuadent.</strong></span> <span class='ocrx_word' id='word_1_253' title='bbox 425 3099 578 3166; x_wconf 86' lang='lat' dir='ltr'><strong>Praeterea</strong></span> <span class='ocrx_word' id='word_1_254' title='bbox 598 3103 627 3160; x_wconf 92' lang='lat' dir='ltr'><strong>in</strong></span> <span class='ocrx_word' id='word_1_255' title='bbox 652 3098 814 3180; x_wconf 80' lang='lat' dir='ltr'><strong>abjiciendi</strong></span> <span class='ocrx_word' id='word_1_256' title='bbox 834 3101 921 3160; x_wconf 83' lang='lat' dir='ltr'><strong>verbo</strong></span> <span class='ocrx_word' id='word_1_257' title='bbox 942 3101 1086 3180; x_wconf 87' lang='lat' dir='ltr'><strong>praevalet</strong></span> <span class='ocrx_word' id='word_1_258' title='bbox 1105 3102 1184 3160; x_wconf 91' lang='lat' dir='ltr'><strong>notio</strong></span> <span class='ocrx_word' id='word_1_259' title='bbox 1206 3101 1247 3160; x_wconf 91' lang='lat' dir='ltr'><strong>rei</strong></span> <span class='ocrx_word' id='word_1_260' title='bbox 1268 3099 1345 3178; x_wconf 84' lang='lat' dir='ltr'><strong>vilis,</strong></span> 
     </span>
     <span class='ocr_line' id='line_1_27' title="bbox 195 3203 1345 3287; baseline -0.002 -21"><span class='ocrx_word' id='word_1_261' title='bbox 195 3227 282 3287; x_wconf 84' lang='lat' dir='ltr'><strong>quem</strong></span> <span class='ocrx_word' id='word_1_262' title='bbox 298 3211 333 3264; x_wconf 90' lang='lat' dir='ltr'><strong>nt</strong></span> <span class='ocrx_word' id='word_1_263' title='bbox 355 3221 457 3262; x_wconf 79' lang='lat' dir='ltr'><strong>munus</strong></span> <span class='ocrx_word' id='word_1_264' title='bbox 475 3223 535 3262; x_wconf 93' lang='lat' dir='ltr'><strong>non</strong></span> <span class='ocrx_word' id='word_1_265' title='bbox 556 3203 695 3280; x_wconf 83' lang='lat' dir='ltr'><strong>reddere,</strong></span> <span class='ocrx_word' id='word_1_266' title='bbox 725 3221 808 3280; x_wconf 86' lang='lat' dir='ltr'><strong>quom</strong></span> <span class='ocrx_word' id='word_1_267' title='bbox 827 3205 923 3282; x_wconf 88' lang='lat' dir='ltr'><strong>inepte</strong></span> <span class='ocrx_word' id='word_1_268' title='bbox 948 3204 1071 3266; x_wconf 86' lang='lat' dir='ltr'><strong>reddere</strong></span> <span class='ocrx_word' id='word_1_269' title='bbox 1092 3205 1181 3264; x_wconf 80' lang='lat' dir='ltr'><strong>catius</strong></span> <span class='ocrx_word' id='word_1_270' title='bbox 1203 3223 1267 3264; x_wconf 79' lang='lat' dir='ltr'><strong>esee</strong></span> <span class='ocrx_word' id='word_1_271' title='bbox 1285 3206 1345 3281; x_wconf 86' lang='lat' dir='ltr'><strong>jam</strong></span> 
     </span>
     <span class='ocr_line' id='line_1_28' title="bbox 194 3303 1344 3385; baseline -0.004 -14"><span class='ocrx_word' id='word_1_272' title='bbox 194 3311 289 3371; x_wconf 70' lang='lat' dir='ltr'><strong>senuit</strong></span> <span class='ocrx_word' id='word_1_273' title='bbox 306 3305 478 3366; x_wconf 75' lang='lat' dir='ltr'><strong>Londinue.</strong></span> <span class='ocrx_word' id='word_1_274' title='bbox 520 3305 553 3364; x_wconf 94' lang='lat' dir='ltr'><strong>In</strong></span> <span class='ocrx_word' id='word_1_275' title='bbox 571 3305 664 3366; x_wconf 75' lang='lat' dir='ltr'><strong>verbio</strong></span> <span class='ocrx_word' id='word_1_276' title='bbox 674 3303 705 3382; x_wconf 86' lang='lat'><strong>*)</strong></span> <span class='ocrx_word' id='word_1_277' title='bbox 721 3308 828 3385; x_wconf 66' lang='grc' dir='ltr'><strong>μανίι</strong></span> <span class='ocrx_word' id='word_1_278' title='bbox 843 3307 964 3364; x_wconf 69' lang='lat' dir='ltr'><strong>auruum</strong></span> <span class='ocrx_word' id='word_1_279' title='bbox 970 3347 982 3378; x_wconf 91' lang='lat'><em>,</em></span> <span class='ocrx_word' id='word_1_280' title='bbox 1004 3306 1105 3383; x_wconf 82' lang='lat' dir='ltr'><strong>quibus</strong></span> <span class='ocrx_word' id='word_1_281' title='bbox 1119 3309 1236 3384; x_wconf 85' lang='lat' dir='ltr'><strong>jocosae</strong></span> <span class='ocrx_word' id='word_1_282' title='bbox 1253 3307 1344 3366; x_wconf 89' lang='lat' dir='ltr'><strong>nomi-</strong></span> 
     </span>
     <span class='ocr_line' id='line_1_29' title="bbox 193 3406 1342 3487; baseline -0.003 -16"><span class='ocrx_word' id='word_1_283' title='bbox 193 3415 239 3472; x_wconf 81' lang='lat' dir='ltr'><strong>nie</strong></span> <span class='ocrx_word' id='word_1_284' title='bbox 260 3406 487 3487; x_wconf 76' lang='lat' dir='ltr'><strong>interpretationi</strong></span> <span class='ocrx_word' id='word_1_285' title='bbox 508 3426 536 3466; x_wconf 87' lang='lat' dir='ltr'><strong>v.</strong></span> <span class='ocrx_word' id='word_1_286' title='bbox 557 3409 586 3470; x_wconf 87' lang='grc'><strong>8.</strong></span> <span class='ocrx_word' id='word_1_287' title='bbox 605 3407 780 3485; x_wconf 83' lang='lat' dir='ltr'><strong>praeluditur</strong></span> <span class='ocrx_word' id='word_1_288' title='bbox 798 3408 874 3486; x_wconf 86' lang='lat' dir='ltr'><strong>(Sat.</strong></span> <span class='ocrx_word' id='word_1_289' title='bbox 897 3410 927 3484; x_wconf 89' lang='lat'><strong>1,</strong></span> <span class='ocrx_word' id='word_1_290' title='bbox 947 3411 978 3484; x_wconf 87' lang='lat'><strong>9,</strong></span> <span class='ocrx_word' id='word_1_291' title='bbox 1000 3409 1189 3472; x_wconf 78' lang='lat' dir='ltr'><strong>20.·Phaedr.</strong></span> <span class='ocrx_word' id='word_1_292' title='bbox 1212 3412 1243 3486; x_wconf 84' lang='lat'><strong>2,</strong></span> <span class='ocrx_word' id='word_1_293' title='bbox 1261 3411 1295 3486; x_wconf 86' lang='grc'><strong>7,</strong></span> <span class='ocrx_word' id='word_1_294' title='bbox 1313 3412 1342 3472; x_wconf 95' lang='grc'><strong>1.</strong></span> 
     </span>
     <span class='ocr_line' id='line_1_30' title="bbox 193 3509 1343 3588; baseline -0.002 -16"><span class='ocrx_word' id='word_1_295' title='bbox 193 3513 260 3575; x_wconf 89' lang='lat' dir='ltr'><strong>eoll.</strong></span> <span class='ocrx_word' id='word_1_296' title='bbox 280 3511 365 3570; x_wconf 78' lang='lat' dir='ltr'><strong>Ouid.</strong></span> <span class='ocrx_word' id='word_1_297' title='bbox 384 3509 473 3570; x_wconf 84' lang='lat' dir='ltr'><strong>Triat.</strong></span> <span class='ocrx_word' id='word_1_298' title='bbox 495 3511 530 3587; x_wconf 92' lang='lat'><strong>1,</strong></span> <span class='ocrx_word' id='word_1_299' title='bbox 557 3513 592 3585; x_wconf 91' lang='lat'><strong>1,</strong></span> <span class='ocrx_word' id='word_1_300' title='bbox 615 3509 675 3576; x_wconf 80' lang='lat'><strong>126</strong></span> <span class='ocrx_word' id='word_1_301' title='bbox 695 3510 770 3588; x_wconf 80' lang='lat' dir='ltr'><strong>eq),</strong></span> <span class='ocrx_word' id='word_1_302' title='bbox 790 3515 957 3588; x_wconf 78' lang='lat' dir='ltr'><strong>argutantur</strong></span> <span class='ocrx_word' id='word_1_303' title='bbox 977 3511 1128 3570; x_wconf 78' lang='lat' dir='ltr'><strong>Daeeriue</strong></span> <span class='ocrx_word' id='word_1_304' title='bbox 1148 3518 1179 3572; x_wconf 88' lang='lat' dir='ltr'><strong>et</strong></span> <span class='ocrx_word' id='word_1_305' title='bbox 1201 3510 1343 3570; x_wconf 78' lang='lat' dir='ltr'><strong>Soando-</strong></span> 
     </span>
     <span class='ocr_line' id='line_1_31' title="bbox 194 3609 1341 3692; baseline 0.003 -22"><span class='ocrx_word' id='word_1_306' title='bbox 194 3637 274 3688; x_wconf 68' lang='lat' dir='ltr'><strong>mn,</strong></span> <span class='ocrx_word' id='word_1_307' title='bbox 301 3610 406 3692; x_wconf 80' lang='lat' dir='ltr'><strong>quibus</strong></span> <span class='ocrx_word' id='word_1_308' title='bbox 433 3631 516 3672; x_wconf 83' lang='lat' dir='ltr'><strong>auum</strong></span> <span class='ocrx_word' id='word_1_309' title='bbox 543 3613 677 3672; x_wconf 81' lang='lat' dir='ltr'><strong>celeulrm</strong></span> <span class='ocrx_word' id='word_1_310' title='bbox 706 3611 811 3692; x_wconf 73' lang='lat' dir='ltr'><strong>adiecit</strong></span> <span class='ocrx_word' id='word_1_311' title='bbox 835 3609 980 3670; x_wconf 74' lang='lat' dir='ltr'><strong>Dri&#39;utmr.</strong></span> <span class='ocrx_word' id='word_1_312' title='bbox 1014 3611 1109 3672; x_wconf 72' lang='lat' dir='ltr'><strong>Ferus</strong></span> <span class='ocrx_word' id='word_1_313' title='bbox 1135 3621 1230 3676; x_wconf 89' lang='lat' dir='ltr'><strong>antem</strong></span> <span class='ocrx_word' id='word_1_314' title='bbox 1254 3632 1281 3672; x_wconf 82' lang='lat' dir='ltr'><strong>v.</strong></span> <span class='ocrx_word' id='word_1_315' title='bbox 1311 3612 1341 3676; x_wconf 88' lang='lat'><strong>8.</strong></span> 
     </span>
     <span class='ocr_line' id='line_1_32' title="bbox 194 3713 1342 3805; baseline 0 -28"><span class='ocrx_word' id='word_1_316' title='bbox 194 3721 265 3777; x_wconf 82' lang='lat' dir='ltr'><strong>catis</strong></span> <span class='ocrx_word' id='word_1_317' title='bbox 287 3715 423 3792; x_wconf 80' lang='lat' dir='ltr'><strong>ambigue</strong></span> <span class='ocrx_word' id='word_1_318' title='bbox 445 3721 475 3774; x_wconf 88' lang='lat' dir='ltr'><strong>et</strong></span> <span class='ocrx_word' id='word_1_319' title='bbox 498 3715 535 3774; x_wconf 90' lang='lat' dir='ltr'><strong>de</strong></span> <span class='ocrx_word' id='word_1_320' title='bbox 556 3714 668 3776; x_wconf 85' lang='lat' dir='ltr'><strong>animali</strong></span> <span class='ocrx_word' id='word_1_321' title='bbox 689 3713 871 3774; x_wconf 75' lang='lat' dir='ltr'><strong>Substantire</strong></span> <span class='ocrx_word' id='word_1_322' title='bbox 892 3713 1023 3794; x_wconf 78' lang='lat' dir='ltr'><strong>(Forbig.</strong></span> <span class='ocrx_word' id='word_1_323' title='bbox 1054 3718 1093 3777; x_wconf 87' lang='lat' dir='ltr'><strong>ad</strong></span> <span class='ocrx_word' id='word_1_324' title='bbox 1112 3716 1194 3794; x_wconf 75' lang='lat' dir='ltr'><strong>Vrrg.</strong></span> <span class='ocrx_word' id='word_1_325' title='bbox 1216 3716 1288 3777; x_wconf 76' lang='lat' dir='ltr'><strong>den.</strong></span> <span class='ocrx_word' id='word_1_326' title='bbox 1310 3723 1342 3805; x_wconf 78' lang='lat'><strong>2,</strong></span> 
     </span>
    </p>
   </div>
   <div class='ocr_carea' id='block_1_3' title="bbox 192 3935 1342 4522">
    <p class='ocr_par' dir='ltr' id='par_1_3' title="bbox 192 3935 1342 4522">
     <span class='ocr_line' id='line_1_33' title="bbox 279 3935 1342 4013; baseline 0.003 -21"><span class='ocrx_word' id='word_1_327' title='bbox 279 3937 312 4006; x_wconf 80' lang='lat'><strong>*)</strong></span> <span class='ocrx_word' id='word_1_328' title='bbox 331 3939 376 3992; x_wconf 81' lang='lat' dir='ltr'><strong>Ex</strong></span> <span class='ocrx_word' id='word_1_329' title='bbox 389 3935 525 3992; x_wconf 88' lang='lat' dir='ltr'><strong>mentione</strong></span> <span class='ocrx_word' id='word_1_330' title='bbox 545 3937 655 3994; x_wconf 71' lang='lat' dir='ltr'><strong>atum</strong></span> <span class='ocrx_word' id='word_1_331' title='bbox 672 3937 745 3992; x_wconf 81' lang='lat' dir='ltr'><strong>fucta</strong></span> <span class='ocrx_word' id='word_1_332' title='bbox 765 3939 881 3994; x_wconf 81' lang='lat' dir='ltr'><strong>carmina</strong></span> <span class='ocrx_word' id='word_1_333' title='bbox 894 3937 922 3992; x_wconf 89' lang='lat' dir='ltr'><strong>iu</strong></span> <span class='ocrx_word' id='word_1_334' title='bbox 940 3957 1046 4012; x_wconf 83' lang='lat' dir='ltr'><strong>papyro</strong></span> <span class='ocrx_word' id='word_1_335' title='bbox 1060 3941 1196 4012; x_wconf 76' lang='lat' dir='ltr'><strong>Aegyptia</strong></span> <span class='ocrx_word' id='word_1_336' title='bbox 1210 3941 1342 4013; x_wconf 82' lang='lat' dir='ltr'><strong>imoriptn</strong></span> 
     </span>
     <span class='ocr_line' id='line_1_34' title="bbox 192 4021 1339 4098; baseline 0.003 -20"><span class='ocrx_word' id='word_1_337' title='bbox 192 4024 279 4082; x_wconf 76' lang='lat' dir='ltr'><strong>t&#39;nlnee</strong></span> <span class='ocrx_word' id='word_1_338' title='bbox 299 4029 376 4078; x_wconf 87' lang='lat' dir='ltr'><strong>recte</strong></span> <span class='ocrx_word' id='word_1_339' title='bbox 390 4021 513 4094; x_wconf 82' lang='lat' dir='ltr'><strong>opinetur</strong></span> <span class='ocrx_word' id='word_1_340' title='bbox 532 4022 560 4074; x_wconf 79' lang='grc' dir='ltr'><strong>Ι.</strong></span> <span class='ocrx_word' id='word_1_341' title='bbox 574 4023 610 4076; x_wconf 84' lang='grc' dir='ltr'><strong>Η.</strong></span> <span class='ocrx_word' id='word_1_342' title='bbox 623 4023 729 4078; x_wconf 78' lang='lat' dir='ltr'><strong>Krmcre</strong></span> <span class='ocrx_word' id='word_1_343' title='bbox 744 4023 774 4078; x_wconf 89' lang='lat' dir='ltr'><strong>in</strong></span> <span class='ocrx_word' id='word_1_344' title='bbox 791 4023 922 4096; x_wconf 72' lang='lat' dir='ltr'><strong>„Allgem</strong></span> <span class='ocrx_word' id='word_1_345' title='bbox 944 4025 1112 4097; x_wconf 76' lang='lat' dir='ltr'><strong>Encyolop.“</strong></span> <span class='ocrx_word' id='word_1_346' title='bbox 1131 4045 1159 4081; x_wconf 82' lang='lat' dir='ltr'><strong>v.</strong></span> <span class='ocrx_word' id='word_1_347' title='bbox 1181 4027 1339 4098; x_wconf 61' lang='lat' dir='ltr'><strong>„Pupynffl</strong></span> 
     </span>
     <span class='ocr_line' id='line_1_35' title="bbox 192 4106 1340 4184; baseline 0.002 -21"><span class='ocrx_word' id='word_1_348' title='bbox 192 4131 222 4184; x_wconf 90' lang='lat' dir='ltr'><strong>p.</strong></span> <span class='ocrx_word' id='word_1_349' title='bbox 236 4109 300 4170; x_wconf 80' lang='lat'><strong>2³6.</strong></span> <span class='ocrx_word' id='word_1_350' title='bbox 314 4113 359 4174; x_wconf 87' lang='lat' dir='ltr'><strong>et,</strong></span> <span class='ocrx_word' id='word_1_351' title='bbox 373 4107 398 4162; x_wconf 82' lang='lat' dir='ltr'><strong>ai</strong></span> <span class='ocrx_word' id='word_1_352' title='bbox 410 4106 507 4176; x_wconf 86' lang='lat' dir='ltr'><strong>conjici</strong></span> <span class='ocrx_word' id='word_1_353' title='bbox 520 4107 600 4174; x_wconf 83' lang='lat' dir='ltr'><strong>licet,</strong></span> <span class='ocrx_word' id='word_1_354' title='bbox 618 4107 646 4162; x_wconf 89' lang='lat' dir='ltr'><strong>in</strong></span> <span class='ocrx_word' id='word_1_355' title='bbox 664 4107 757 4164; x_wconf 75' lang='lat' dir='ltr'><strong>charta</strong></span> <span class='ocrx_word' id='word_1_356' title='bbox 779 4113 921 4182; x_wconf 71' lang='lat' dir='ltr'><strong>Aegeate,</strong></span> <span class='ocrx_word' id='word_1_357' title='bbox 944 4111 1014 4166; x_wconf 90' lang='lat' dir='ltr'><strong>Pliu.</strong></span> <span class='ocrx_word' id='word_1_358' title='bbox 1038 4113 1075 4168; x_wconf 87' lang='grc' dir='ltr'><strong>Η.</strong></span> <span class='ocrx_word' id='word_1_359' title='bbox 1099 4113 1137 4168; x_wconf 88' lang='grc' dir='ltr'><strong>Ν.</strong></span> <span class='ocrx_word' id='word_1_360' title='bbox 1154 4113 1203 4180; x_wconf 92' lang='grc'><strong>18,</strong></span> <span class='ocrx_word' id='word_1_361' title='bbox 1225 4115 1268 4168; x_wconf 82' lang='lat'><strong>12.</strong></span> <span class='ocrx_word' id='word_1_362' title='bbox 1294 4111 1340 4166; x_wconf 89' lang='lat' dir='ltr'><strong>lV.</strong></span> 
     </span>
     <span class='ocr_line' id='line_1_36' title="bbox 192 4193 1338 4270; baseline -0.002 -19"><span class='ocrx_word' id='word_1_363' title='bbox 192 4215 221 4270; x_wconf 86' lang='lat' dir='ltr'><strong>p.</strong></span> <span class='ocrx_word' id='word_1_364' title='bbox 237 4196 293 4251; x_wconf 83' lang='lat'><strong>726</strong></span> <span class='ocrx_word' id='word_1_365' title='bbox 307 4223 343 4234; x_wconf 92' lang='lat'><em>-</em></span> <span class='ocrx_word' id='word_1_366' title='bbox 355 4194 416 4248; x_wconf 85' lang='grc'><strong>788.</strong></span> <span class='ocrx_word' id='word_1_367' title='bbox 439 4193 483 4247; x_wconf 90' lang='lat' dir='ltr'><strong>ed.</strong></span> <span class='ocrx_word' id='word_1_368' title='bbox 498 4193 598 4247; x_wconf 81' lang='lat' dir='ltr'><strong>Franz.</strong></span> <span class='ocrx_word' id='word_1_369' title='bbox 620 4195 737 4249; x_wconf 69' lang='lat' dir='ltr'><strong>Cinnae</strong></span> <span class='ocrx_word' id='word_1_370' title='bbox 753 4211 827 4249; x_wconf 86' lang='lat' dir='ltr'><strong>neum</strong></span> <span class='ocrx_word' id='word_1_371' title='bbox 840 4197 951 4250; x_wconf 78' lang='lat' dir='ltr'><strong>verbnm</strong></span> <span class='ocrx_word' id='word_1_372' title='bbox 965 4213 1071 4268; x_wconf 88' lang='lat' dir='ltr'><strong>quoqne</strong></span> <span class='ocrx_word' id='word_1_373' title='bbox 1086 4197 1247 4252; x_wconf 81' lang='lat' dir='ltr'><strong>uoluminum</strong></span> <span class='ocrx_word' id='word_1_374' title='bbox 1264 4212 1292 4247; x_wconf 82' lang='lat' dir='ltr'><strong>r.</strong></span> <span class='ocrx_word' id='word_1_375' title='bbox 1312 4197 1338 4249; x_wconf 83' lang='lat'><strong>2.</strong></span> 
     </span>
     <span class='ocr_line' id='line_1_37' title="bbox 193 4278 1338 4353; baseline -0.003 -15"><span class='ocrx_word' id='word_1_376' title='bbox 193 4286 328 4346; x_wconf 77' lang='lat' dir='ltr'><strong>tactatur,</strong></span> <span class='ocrx_word' id='word_1_377' title='bbox 343 4278 398 4331; x_wconf 81' lang='lat' dir='ltr'><strong>vid.</strong></span> <span class='ocrx_word' id='word_1_378' title='bbox 412 4279 509 4334; x_wconf 81' lang='lat' dir='ltr'><strong>Heiur.</strong></span> <span class='ocrx_word' id='word_1_379' title='bbox 523 4280 556 4333; x_wconf 85' lang='lat' dir='ltr'><strong>ad</strong></span> <span class='ocrx_word' id='word_1_380' title='bbox 570 4279 632 4333; x_wconf 83' lang='lat' dir='ltr'><strong>Jur.</strong></span> <span class='ocrx_word' id='word_1_381' title='bbox 646 4283 670 4347; x_wconf 92' lang='grc'><strong>1,</strong></span> <span class='ocrx_word' id='word_1_382' title='bbox 685 4283 712 4335; x_wconf 90' lang='grc'><strong>6.</strong></span> <span class='ocrx_word' id='word_1_383' title='bbox 727 4281 789 4341; x_wconf 82' lang='lat' dir='ltr'><strong>coll.</strong></span> <span class='ocrx_word' id='word_1_384' title='bbox 801 4282 907 4336; x_wconf 79' lang='lat' dir='ltr'><strong>Krmue</strong></span> <span class='ocrx_word' id='word_1_385' title='bbox 921 4299 950 4351; x_wconf 82' lang='lat' dir='ltr'><strong>p·</strong></span> <span class='ocrx_word' id='word_1_386' title='bbox 962 4283 1014 4338; x_wconf 81' lang='lat'><strong>2³8</strong></span> <span class='ocrx_word' id='word_1_387' title='bbox 1025 4299 1086 4353; x_wconf 84' lang='lat' dir='ltr'><strong>aqq.</strong></span> <span class='ocrx_word' id='word_1_388' title='bbox 1102 4287 1130 4335; x_wconf 89' lang='lat' dir='ltr'><strong>et</strong></span> <span class='ocrx_word' id='word_1_389' title='bbox 1143 4281 1249 4334; x_wconf 82' lang='lat' dir='ltr'><strong>Beolrer.</strong></span> <span class='ocrx_word' id='word_1_390' title='bbox 1265 4279 1338 4334; x_wconf 80' lang='lat' dir='ltr'><strong>Gall.</strong></span> 
     </span>
     <span class='ocr_line' id='line_1_38' title="bbox 194 4362 1337 4438; baseline -0.004 -16"><span class='ocrx_word' id='word_1_391' title='bbox 194 4371 216 4422; x_wconf 87' lang='lat'><strong>1.</strong></span> <span class='ocrx_word' id='word_1_392' title='bbox 231 4385 262 4436; x_wconf 77' lang='lat' dir='ltr'><strong>p.</strong></span> <span class='ocrx_word' id='word_1_393' title='bbox 275 4367 330 4421; x_wconf 83' lang='lat'><strong>166</strong></span> <span class='ocrx_word' id='word_1_394' title='bbox 339 4380 399 4435; x_wconf 77' lang='lat' dir='ltr'><strong>eqq·</strong></span> <span class='ocrx_word' id='word_1_395' title='bbox 427 4363 500 4417; x_wconf 69' lang='lat' dir='ltr'><strong>Alius</strong></span> <span class='ocrx_word' id='word_1_396' title='bbox 514 4373 617 4432; x_wconf 82' lang='lat' dir='ltr'><strong>entem,</strong></span> <span class='ocrx_word' id='word_1_397' title='bbox 639 4371 669 4418; x_wconf 87' lang='lat' dir='ltr'><strong>ut</strong></span> <span class='ocrx_word' id='word_1_398' title='bbox 683 4367 742 4418; x_wconf 76' lang='lat' dir='ltr'><strong>sue</strong></span> <span class='ocrx_word' id='word_1_399' title='bbox 755 4371 786 4436; x_wconf 88' lang='lat'><strong>1,</strong></span> <span class='ocrx_word' id='word_1_400' title='bbox 803 4371 850 4435; x_wconf 86' lang='lat'><strong>10,</strong></span> <span class='ocrx_word' id='word_1_401' title='bbox 865 4362 891 4422; x_wconf 79' lang='grc'><strong>4.</strong></span> <span class='ocrx_word' id='word_1_402' title='bbox 907 4367 988 4438; x_wconf 85' lang='lat' dir='ltr'><strong>(ibiq.</strong></span> <span class='ocrx_word' id='word_1_403' title='bbox 1002 4366 1131 4433; x_wconf 86' lang='lat' dir='ltr'><strong>Heind.),</strong></span> <span class='ocrx_word' id='word_1_404' title='bbox 1153 4365 1275 4418; x_wconf 67' lang='lat' dir='ltr'><strong>cmm</strong></span> <span class='ocrx_word' id='word_1_405' title='bbox 1288 4381 1337 4436; x_wconf 89' lang='lat' dir='ltr'><strong>pro</strong></span> 
     </span>
     <span class='ocr_line' id='line_1_39' title="bbox 193 4447 1337 4522; baseline 0.002 -17"><span class='ocrx_word' id='word_1_406' title='bbox 193 4449 326 4521; x_wconf 74' lang='lat' dir='ltr'><strong>poematia</strong></span> <span class='ocrx_word' id='word_1_407' title='bbox 339 4447 407 4520; x_wconf 81' lang='lat' dir='ltr'><strong>ipeie</strong></span> <span class='ocrx_word' id='word_1_408' title='bbox 421 4464 481 4502; x_wconf 81' lang='lat' dir='ltr'><strong>erra</strong></span> <span class='ocrx_word' id='word_1_409' title='bbox 500 4456 613 4505; x_wconf 82' lang='lat' dir='ltr'><strong>eouetnt.</strong></span> <span class='ocrx_word' id='word_1_410' title='bbox 627 4449 848 4506; x_wconf 76' lang='lat' dir='ltr'><strong>Mandronem</strong></span> <span class='ocrx_word' id='word_1_411' title='bbox 860 4457 961 4507; x_wconf 87' lang='lat' dir='ltr'><strong>tantum</strong></span> <span class='ocrx_word' id='word_1_412' title='bbox 978 4451 1021 4506; x_wconf 81' lang='lat' dir='ltr'><strong>bie</strong></span> <span class='ocrx_word' id='word_1_413' title='bbox 1031 4452 1131 4508; x_wconf 82' lang='lat' dir='ltr'><strong>mentio</strong></span> <span class='ocrx_word' id='word_1_414' title='bbox 1149 4451 1182 4503; x_wconf 87' lang='lat' dir='ltr'><strong>tit</strong></span> <span class='ocrx_word' id='word_1_415' title='bbox 1196 4449 1256 4504; x_wconf 75' lang='lat' dir='ltr'><strong>det.</strong></span> <span class='ocrx_word' id='word_1_416' title='bbox 1269 4452 1299 4522; x_wconf 78' lang='grc'><strong>2,</strong></span> <span class='ocrx_word' id='word_1_417' title='bbox 1310 4451 1337 4521; x_wconf 88' lang='grc'><strong>8,</strong></span> 
     </span>
    </p>
   </div>
   <div class='ocr_carea' id='block_1_4' title="bbox 0 0 1720 5324">
    <p class='ocr_par' dir='ltr' id='par_1_4' title="bbox 0 0 1720 5324">
     <span class='ocr_line' id='line_1_40' title="bbox 0 0 1720 5324; baseline 0 6"><span class='ocrx_word' id='word_1_418' title='bbox 0 0 1720 5324; x_wconf 95' lang='lat' dir='ltr'><strong> </strong></span> 
     </span>
    </p>
   </div>
  </div>
 </body>
</html>
