3458 5318
356 480 396 545 58
465 481 746 544 COMMENTARH
767 483 809 542 IN
831 483 997 544 HORATll
1024 483 1099 544 LlB.
1114 484 1136 542 l.
1165 481 1289 546 EPIST.
1303 483 1403 546 NON.
1475 489 1518 552 88

356 673 505 731 nominos
526 669 765 748 apudpr'mcipes
787 669 879 748 gratia
901 669 1016 730 valeant
1038 670 1113 748 ipsi,
1145 687 1204 747 quo
1232 672 1324 750 magio
1352 671 1424 734 ulios
1442 675 1520 754 opud

357 773 473 834 eosdem
504 772 611 830 faciant
642 772 796 848 gratiosos.
846 769 966 830 Talibus
993 770 1149 830 aulioomm
1180 771 1289 832 artibus
1321 775 1443 834 refertus
1474 781 1520 834 oct

356 874 428 933 liber
450 874 497 932 illc
524 871 701 932 nostratibus
727 889 785 930 non
817 874 887 930 satio
918 873 1066 949 cognitus:
1101 872 1265 950 Speculum
1285 877 1366 933 vitto
1386 875 1515 934 atiliaco.

359 978 408 1034 Da
429 973 606 1034 admirabili
628 972 760 1052 fallacia
782 983 810 1028 et
836 973 950 1030 actutia
972 973 1148 1052 vulpeculae
1168 976 1311 1037 Runtto
1339 976 1411 1036 libri
1431 989 1515 1056 quat.

358 1085 413 1138 etc.
435 1085 552 1136 auctore
572 1077 768 1136 Hartrrmnno
792 1073 976 1152 Schcppcro,
995 1077 1197 1137 Novoforenoe
1221 1079 1340 1140 Norico.
1385 1079 1519 1140 Francos.

358 1181 396 1238 od
416 1179 512 1238 Moen.
534 1177 627 1242 1579.
663 1197 692 1256 p.
720 1179 760 1240 17
782 1196 847 1255 sqq.
891 1177 1032 1238 consone
1065 1179 1235 1240 Ciceronem
1256 1199 1370 1260 quoque
1398 1180 1519 1259 juvabit,

358 1283 406 1358 qui
427 1281 464 1340 de
485 1280 540 1340 aliu
566 1280 681 1357 quidem
701 1297 735 1338 rc
755 1278 793 1338 od
812 1277 879 1338 Div.
894 1279 926 1354 3,
949 1280 980 1354 8,
1006 1281 1058 1344 28-
1080 1299 1128 1338 rac
1147 1301 1208 1340 eooo
1227 1283 1268 1342 uit
1287 1283 1429 1345 acerbum
1447 1283 1519 1356 sibi,

359 1393 394 1440 ut
411 1383 469 1440 ct'rru
493 1379 684 1440 drtlcicmili
703 1379 789 1438 etde
808 1379 878 1458 ipsis
901 1379 992 1438 literis
1014 1382 1258 1442 commendaticiis
1281 1385 1313 1463 5,
1340 1386 1373 1464 5,
1405 1389 1433 1450 1.
1460 1405 1521 1445 uon

358 1503 417 1563 quo
432 1503 484 1542 cao
495 1483 691 1563 iruclligcrcm
707 1482 782 1541 oatic
796 1481 884 1558 apud
897 1491 926 1538 u
945 1479 1066 1554 calere,
1085 1483 1141 1542 scd
1160 1503 1197 1542 uc
1216 1485 1276 1557 iio,
1296 1489 1351 1565 qui
1365 1507 1413 1546 mc
1428 1505 1520 1567 ruga·

359 1597 442 1656 rent,
466 1586 587 1666 aliquid
606 1583 644 1642 dc
663 1593 764 1642 noctra
788 1586 995 1656 conjunctione
1014 1587 1208 1644 imminutum
1239 1607 1300 1646 cccc
1327 1588 1518 1650 ooundmm.

358 1687 431 1748 Plin.
448 1690 544 1768 Epist.
564 1689 594 1764 6,
605 1687 637 1762 8,
659 1684 690 1744 9.
711 1703 798 1763 rogo,
814 1703 878 1756 oro,
900 1685 953 1743 dcc
969 1697 1099 1764 operum,
1112 1708 1150 1746 uc
1163 1687 1216 1748 illo
1230 1709 1270 1766 oe,
1290 1689 1373 1769 quod
1390 1691 1519 1752 caudi&-

358 1791 432 1849 oimo
452 1809 568 1864 vereor,
589 1808 610 1844 a
624 1806 687 1862 mc,
710 1806 764 1865 ego
779 1805 826 1842 mc
841 1786 1010 1865 neglectum
1024 1809 1045 1848 a
1066 1801 1095 1850 tc
1111 1801 1229 1869 putem.
1257 1790 1304 1852 De
1327 1792 1417 1853 verbo
1438 1811 1519 1853 com·

359 1891 465 1952 modus
485 1893 541 1953 vid.
563 1888 666 1952 Lumb.
686 1893 717 1946 ct
736 1886 851 1948 ttitsch.
874 1889 911 1948 ad
932 1889 990 1952 Od.
1012 1891 1044 1969 4,
1066 1895 1099 1970 8,
1124 1895 1153 1956 1.

443 1993 478 2053 V.
501 1995 551 2058 10.
574 1995 625 2056 11.
671 1990 723 2048 Sic
742 2021 786 2034 -
801 1991 951 2066 praemia.
1006 1991 1078 2068 „Sic
1105 2013 1151 2054 mc
1178 1995 1274 2072 potius
1301 1994 1430 2073 oportuit
1455 2013 1520 2056 meu

298 2129 302 2152 .
358 2095 477 2156 audacio
506 2093 558 2154 tibi
585 2095 777 2172 importunum
804 2109 870 2150 esse
897 2111 982 2169 quom
1011 2095 1214 2156 dissimulando
1239 2095 1377 2174 mojorem
1402 2095 1519 2176 maligni

357 2199 387 2258 in
407 2198 528 2256 amicum
547 2197 633 2256 animi
654 2193 766 2272 culpam
784 2193 814 2250 in
834 2213 880 2252 me
897 2195 1063 2256 conferre.“
1104 2197 1184 2258 Illam
1201 2207 1299 2260 autem
1321 2200 1519 2278 importutttu

358 2300 397 2360 tis
417 2299 499 2377 quasi
518 2296 721 2356 necessitatem
739 2295 865 2354 indicant
879 2295 983 2356 verbo:
1005 2297 1181 2358 Boutioad
1196 2298 1264 2360 urb.
1281 2300 1358 2360 deoc.
1366 2301 1519 2378 praemia,

358 2418 433 2478 quac
452 2407 572 2479 propter
593 2401 686 2460 varias
707 2399 896 2477 interpretum
924 2401 1176 2478 intetpretationco
1201 2403 1261 2479 jam
1292 2400 1421 2480 pluribus
1453 2401 1519 2462 illu·

305 2491 311 2502 ’
357 2503 476 2564 stranda
508 2509 584 2564 sunt.
620 2499 839 2560 Deccmdirmu
868 2501 943 2560 enim
960 2501 998 2560 od
1025 2502 1072 2577 id,
1105 2503 1183 2580 quod
1203 2502 1242 2562 ob
1263 2519 1377 2580 gravem
1396 2502 1519 2581 aliquam

358 2607 550 2666 conditionem
570 2601 702 2661 nolentes
723 2603 853 2662 volentes
872 2603 1000 2662 facimus.
1044 2604 1106 2662 Oto.
1127 2601 1209 2662 Lael.
1232 2605 1285 2681 17,
1305 2605 1358 2667 64.
1388 2603 1448 2664 Ad
1465 2623 1519 2664 ca-

359 2709 532 2768 lamitatum
552 2707 705 2764 societates
725 2725 786 2764 nou
809 2715 851 2762 eot
863 2703 965 2783 facile
989 2707 1114 2762 inventu
1135 2706 1190 2784 qui
1212 2703 1383 2766 amandat.
1403 2704 1453 2764 ta.
1467 2725 1519 2782 pr.

365 2813 469 2888 Quint.
490 2811 540 2874 16.
567 2809 627 2866 viri
648 2807 732 2879 boni,
754 2827 848 2886 quum
866 2805 976 2884 palam
987 2805 1183 2884 fraudantur
1189 2845 1202 2878 ,
1232 2827 1325 2885 quum
1346 2807 1522 2885 exporitmdi

356 2925 490 2991 poteotao
506 2931 567 2970 non
583 2920 647 2981 eut,
668 2909 771 2968 timulo
792 2921 892 2968 tamen
918 2919 946 2966 ct
960 2907 1144 2986 pedetentim
1165 2909 1242 2968 istttc
1262 2910 1466 2984 maduit,
1488 2911 1522 2977 tri

360 3037 398 3075 ac
411 3015 582 3075 necestitate
596 3013 705 3083 coacti,
726 3013 822 3072 inviti.
850 3012 915 3072 Liv.
938 3009 1065 3089 28,14,
1095 3011 1127 3073 8.
1148 3011 1231 3091 (ibiq.
1252 3012 1353 3092 Fobr.)
1381 3013 1426 3074 ad
1447 3012 1521 3073 ulli-

361 3139 444 3176 mrim
460 3135 556 3195 prope
579 3111 752 3192 deopaatoc
772 3112 956 3191 reipublicae
981 3112 1132 3172 auxilium
1140 3153 1155 3183 ,
1182 3133 1276 3192 quum
1296 3115 1420 3174 honuta
1437 3114 1521 3174 uati-

362 3219 419 3278 luo
441 3219 565 3294 cedunt,
586 3215 744 3274 descendit.
761 3215 843 3274 Suet.
855 3215 943 3294 Vesp.
958 3211 989 3278 4.
1011 3216 1114 3293 utqui
1130 3211 1175 3272 ad
1189 3217 1383 3292 mangonicat
1400 3227 1521 3296 pacatico

361 3319 553 3380 instituendae
576 3316 735 3395 dtgnttatto
760 3335 854 3374 cauca
875 3317 1066 3376 dcaccuderit.
1105 3315 1170 3376 Alia
1190 3317 1374 3393 suppeditant
1396 3319 1520 3398 intapp·

361 3425 398 3482 ad
418 3423 498 3499 Virg.
520 3418 591 3480 Aen.
615 3419 646 3496 5,
668 3419 742 3483 782.
785 3419 872 3480 Hert.
894 3418 930 3476 ad
953 3419 1038 3479 Caes.
1060 3419 1095 3478 Β.
1116 3417 1156 3476 G.
1178 3419 1211 3494 7,
1231 3418 1284 3481 38.
1319 3421 1356 3480 Β.
1381 3421 1415 3482 0.
1437 3425 1468 3498 1,
1488 3419 1520 3482 9.

361 3523 472 3582 Benek.
503 3524 539 3581 ad
558 3521 661 3580 lustin.
684 3517 735 3595 15,
758 3519 787 3580 1.
816 3520 931 3582 Ernett.
960 3521 1041 3580 Clav.
1064 3521 1125 3580 Cic.
1150 3538 1179 3578 r.
1208 3519 1390 3582 dccecuclere.
1424 3521 1520 3584 Illum

353 3624 482 3692 ,tubaria
505 3624 649 3684 contrario
668 3624 832 3680 rusticitati
851 3621 1007 3702 (Maximin.
1029 3624 1069 3701 3,
1091 3622 1137 3700 8.)
1157 3621 1204 3682 rel
1223 3622 1336 3701 pudori
1354 3622 1520 3682 subnectioo

360 3729 435 3806 (Cic.
455 3729 511 3807 Ep.
532 3729 570 3788 ad
587 3725 656 3786 Div.
679 3725 710 3802 5,
735 3729 785 3802 12,
811 3725 852 3803 1.)
880 3725 924 3784 vel
951 3725 1064 3804 pudori
1093 3725 1211 3806 izsanti
1239 3725 1316 3805 (sat.
1340 3729 1372 3804 1,
1401 3725 1433 3801 6,
1452 3722 1520 3803 57.)

361 3839 407 3892 est
427 3833 546 3890 audacia
565 3831 691 3908 pectoris
714 3834 743 3887 et
764 3829 840 3906 oris,
860 3827 991 3906 licentia,
1012 3827 1105 3906 quatis
1128 3847 1195 3890 esse
1216 3827 1290 3888 uolet
1310 3827 1356 3887 rel
1376 3827 1520 3888 hominum

360 3937 389 3993 iu
409 3933 480 3992 urbe
500 3934 652 3994 viventium
675 3931 721 3990 vel
738 3931 808 3990 urbe
829 3929 984 4009 politorum
1010 3950 1061 3990 seu
1087 3937 1121 3990 ut
1148 3931 1306 4011 explicatur
1323 3948 1351 3988 v.
1373 3947 1436 4006 aeq.
1466 3927 1520 3990 dc·

355 4037 476 4116 pooitzu
486 4033 598 4115 pudor.
641 4033 727 4096 cont.
749 4031 816 4091 Acr.
837 4034 876 4092 ad
896 4033 925 4092 h.
948 4033 968 4094 l.
985 4033 1118 4114 Hottiog.
1147 4053 1194 4113 ap.
1217 4033 1299 4094 (lico.
1326 4033 1364 4092 ud
1392 4032 1455 4092 Cic.
1483 4034 1521 4099 de

360 4141 455 4200 Divin.
479 4143 509 4216 1,
531 4138 585 4215 48,
609 4139 681 4202 107.
703 4134 777 4198 zell.
799 4135 979 4197 Forienschr.
995 4137 1032 4198 Il.
1054 4159 1084 4218 p.
1104 4139 1157 4202 78.
1185 4136 1256 4196 Inde
1277 4134 1364 4196 Mart.
1392 4139 1445 4214 11,
1467 4139 1520 4214 27,

362 4247 392 4304 7.
412 4241 573 4322 perfricuit
590 4239 722 4318 pontem
741 4243 903 4321 pomitquc
919 4236 1076 4315 pudorem.
1118 4237 1238 4300 Luciun.
1260 4259 1314 4319 pro
1344 4239 1426 4319 lapsu
1445 4239 1520 4298 inter

363 4344 503 4404 mutand.
528 4345 578 4406 17.
604 4341 655 4400 111.
676 4362 707 4421 p.
730 4341 804 4406 297.
825 4343 892 4421 Bip.
915 4339 1022 4416 αἰδοῦς
1042 4334 1117 4406 otto*
1137 4335 1293 4422 σύμβολον
1309 4340 1363 4406 nul
1380 4334 1522 4418 ἀφελείας

363 4438 498 4523 tuentio
520 4444 573 4508 καὶ
596 4447 700 4526 ψυχῆς
725 4443 819 4526 μηδὲν
847 4439 991 4527 α’γοραῖον
1018 4440 1070 4506 ml
1097 4440 1235 4522 ἔντεχνον
1263 4435 1400 4522 ἐχούσης.
1435 4441 1523 4520 Sym·

360 4545 449 4605 much.
470 4547 563 4626 Epist.
594 4553 625 4628 1,
648 4549 702 4613 90.
725 4547 835 4608 Vereor
846 4545 995 4627 protelare
1013 4547 1214 4608 testimonium
1234 4565 1348 4618 matur,
1368 4563 1406 4606 aa
1424 4545 1523 4626 mugit
