3512 5324
270 514 312 578 33
346 509 555 576 ΟΟΜΤ.
571 511 615 574 ΙΝ
628 511 722 574 11011.
735 511 811 575 LlB.
825 513 847 572 l.
877 509 1002 574 eules.
1018 513 1154 585 QUlNT.
1175 511 1308 578 neem.
1347 511 1411 580 243

272 703 345 764 estis
363 707 498 782 apponet,
519 717 605 777 qusuu
625 700 664 758 sit
685 699 759 760 sulse
784 699 911 780 Cruqois‘
929 702 1021 779 tutio,
1047 719 1105 780 que
1123 722 1157 762 ex
1176 700 1338 764 Leuredsui
1359 721 1411 762 uo-

272 805 402 868 niente
421 803 552 866 Huberto
573 801 689 863 Goltuio
715 808 831 862 auctore
856 809 962 880 puncto
984 804 1168 864 minutissimo
1194 803 1269 864 iuter
1300 805 1356 864 Cn.
1381 812 1413 864 et

277 907 383 968 Umon.
404 908 500 986 posito
521 903 673 988 legendurp
693 906 733 964 uit
753 904 811 966 Ad
834 904 894 968 Gn.
921 897 1081 966 Umonium
1106 904 1247 966 Vaalom.

352 1007 486 1088 Epistola
501 1007 602 1068 eodem
622 1013 768 1086 tempore,
788 1007 809 1065 i.
830 1027 856 1068 e.
870 1025 897 1068 e.
912 1027 941 1068 u.
961 1028 986 1068 e.
1002 1009 1074 1072 731.
1094 1028 1151 1087 quo
1169 1009 1290 1087 septima
1303 1008 1411 1087 scripte

271 1111 382 1172 ridetur
410 1129 485 1170 esse.
529 1109 632 1188 Neque
665 1109 842 1170 incommode
870 1111 1036 1168 Moeoonus
1062 1109 1132 1188 (Vit.
1161 1110 1232 1170 lior.
1259 1132 1288 1190 p.
1323 1105 1410 1192 232.)

270 1211 356 1272 uerbo
368 1231 397 1270 v.
416 1212 467 1276 10.
482 1211 587 1292 (Epist
607 1211 667 1286 7.):
694 1209 807 1288 Qrwdei
826 1209 935 1270 brunia
955 1211 1038 1268 nives
1057 1209 1192 1270 Albanis
1211 1211 1308 1270 atoue
1326 1213 1411 1292 agris

269 1313 328 1374 Ao
350 1333 433 1374 usare
458 1311 612 1372 descendes
633 1323 717 1372 votes
741 1325 827 1391 tuoe,
851 1313 892 1385 ud
916 1315 971 1372 iter
992 1311 1138 1373 Solonem
1164 1313 1209 1372 vel
1233 1313 1340 1374 Vellem
1365 1316 1410 1376 fe·

270 1416 399 1478 ciendum
418 1415 532 1489 retulit;
553 1416 591 1481 of.
611 1421 710 1478 enuot.
734 1415 819 1493 adl,
841 1417 871 1478 7.
894 1436 925 1495 p·
946 1413 1018 1478 355.
1061 1414 1094 1474 lu
1111 1414 1166 1476 lroo
1187 1436 1261 1478 enno
1287 1437 1410 1478 eonsen-

269 1523 342 1582 tiuut
350 1524 466 1598 prseter
478 1520 649 1597 interpretes
663 1519 836 1578 recentiores
845 1513 995 1574 Idiohner
1005 1535 1116 1596 quoque
1126 1517 1155 1576 iu
1165 1517 1262 1578 tubols
1272 1517 1409 1595 chronol,

271 1622 475 1686 Waksenaer
502 1617 554 1697 (ll.
573 1638 603 1697 p.
628 1615 668 1684 14
687 1619 766 1698 sqq.)
789 1623 819 1678 et
839 1615 952 1678 Weber
976 1617 1008 1697 (1.
1030 1619 1049 1684 Ι.
1070 1639 1099 1698 p.
1119 1619 1229 1696 302),
1258 1619 1315 1679 nisi
1331 1621 1409 1698 quod

267 1726 315 1788 ille
327 1722 528 1803 preeuntibus
542 1717 710 1797 flamm)
730 1725 760 1782 et
778 1718 940 1779 Sensodooo
952 1719 1110 1798 Epistolun
1130 1723 1208 1802 prius
1223 1739 1307 1798 quens
1320 1721 1410 1799 septi·

266 1847 360 1904 nen,
377 1828 398 1886 i.
420 1843 446 1884 e.
460 1829 493 1884 ut
511 1823 540 1884 hi
557 1823 671 1902 quidone
689 1823 758 1901 ipsis
779 1819 874 1882 verbis
892 1821 991 1882 dieunt
1010 1830 1077 1883 ente
1094 1824 1270 1884 seustioneru
1286 1822 1409 1900 Augusti

267 1939 298 1992 et
314 1930 423 1992 obitura
442 1925 586 2002 socelli,
613 1926 749 2003 scripturn
768 1929 861 2002 putet.
905 1905 955 1984 et*
968 1944 1056 2003 quous
1075 1925 1227 1984 Dooerius
1248 1932 1278 1984 et
1308 1925 1409 1986 Sono-

266 2033 364 2094 douue
380 2029 527 2094 iloretiouu
546 2033 616 2106 poet
634 2025 762 2088 Marcelli
779 2027 877 2086 eedem
894 2026 1005 2088 retioue
1025 2026 1062 2086 eb
1082 2025 1204 2088 Antonio
1218 2027 1300 2088 lluse
1319 2031 1409 2090 curati

266 2139 389 2196 merten
413 2149 502 2210 oegm
523 2129 606 2190 istius
636 2129 739 2188 uuedioi
761 2127 887 2188 consiliis
913 2127 1173 2206 obtemperaturum
1202 2131 1290 2188 fuisse
1316 2132 1407 2208 siunt,

262 2239 327 2317 jure
342 2255 407 2298 ures
426 2235 542 2313 quidem
558 2231 702 2292 sententis
721 2229 791 2290 lueeo
810 2232 881 2292 retio
898 2231 1040 2290 Mosoono
1059 2248 1160 2311 pensu
1180 2231 1334 2310 probebilis
1348 2235 1407 2292 sies

265 2345 322 2400 est.
363 2337 476 2398 Etenim
496 2339 527 2396 et
540 2334 658 2412 Augusti
675 2332 786 2410 frigidis
805 2331 925 2394 levuoris
947 2337 977 2392 et
989 2331 1153 2411 potionibus
1167 2331 1297 2410 Augusto
1311 2353 1407 2394 meuse

264 2441 393 2520 ejusdem
413 2437 479 2498 euni
504 2435 618 2496 eeudud
638 2434 764 2496 restituti
785 2439 814 2494 et
832 2434 969 2511 oliorum,
998 2434 1048 2513 qui
1070 2433 1148 2513 Bujis
1168 2435 1273 2496 relictis
1292 2436 1330 2494 ud
1351 2435 1406 2496 elie

264 2541 328 2602 loeo
348 2559 381 2600 se
403 2539 605 2616 eontulissent,
626 2535 785 2616 exemploru
802 2535 941 2614 Horatio,
963 2538 989 2596 si
1010 2537 1078 2614 quid
1098 2535 1256 2614 dubitaret,
1283 2537 1406 2598 animum

263 2648 358 2706 iecere
377 2645 490 2720 potuit,
508 2660 545 2704 ue
566 2640 707 2717 dimus,
727 2637 878 2700 lleroellos
898 2638 1008 2716 frigidis
1025 2655 1062 2698 uu
1082 2638 1137 2698 elie
1156 2639 1265 2699 rutioue
1278 2641 1405 2721 perierit,

263 2749 400 2808 inoeutm
421 2737 549 2820 esse-*⁴5
590 2741 654 2802 Vid-
670 2739 757 2801 Dion.
778 2739 860 2803 Ceos.
883 2739 942 2816 53,
961 2741 1013 2804 33.
1044 2737 1199 2802 Dmrusuu.
1218 2740 1267 2800 lv.
1287 2761 1317 2821 p.
1333 2740 1405 2808 243.

264 2855 295 2910 et
314 2847 391 2908 coni.
410 2841 518 2907 erens.
540 2841 621 2902 Feet
636 2841 708 2904 lior.
729 2842 822 2920 p.68.
866 2841 1135 2921 0rell.sd0d.1‚
1157 2844 1215 2917 12,
1237 2838 1288 2904 46.
1324 2843 1404 2900 Gro-

265 2945 401 3029 eefmdos
420 2963 456 3006 ex
472 2949 632 3022 temporum
652 2942 797 3002 retioues
817 2961 850 3004 se
871 2941 1025 3003 constitute
1039 2940 1196 3020 Epistolen
1210 2942 1258 3001 uel
1278 2951 1403 3004 extrem

261 3067 339 3112 emo
358 3045 432 3112 735.
454 3042 499 3104 vel
516 3043 589 3108 736.
610 3043 799 3123 adscripsisse
818 3045 938 3104 videtur.
980 3043 1093 3112 Quodsi
1113 3041 1252 3100 Diintser
1271 3045 1308 3103 de
1327 3061 1402 3102 enno

263 3150 338 3214 731.
358 3147 485 3223 10161,
506 3145 568 3222 ejus
584 3143 789 3208 dubitationem
801 3143 853 3222 ils,
870 3161 943 3221 quse
957 3156 1043 3222 supru
1056 3143 1193 3222 dinmus,
1206 3143 1290 3206 sotis
1307 3151 1404 3205 susur-

261 3245 401 3329 neem)
421 3247 557 3308 videmur.

343 3457 375 3524 l¹)
393 3456 538 3524 Perperene
552 3453 682 3512 Deseritis
695 3453 816 3510 llsroelli
831 3451 932 3506 obitun
946 3453 981 3508 ed
997 3467 1092 3506 sunm
1104 3453 1166 3508 729.
1182 3467 1210 3506 u.
1225 3467 1249 3506 e.
1265 3450 1324 3510 eise
1337 3451 1399 3508 730.

262 3541 357 3609 Vsrr.,
371 3542 447 3611 enjus
461 3557 510 3594 noe
524 3541 622 3594 utimur
636 3539 761 3607 eeleulie,
777 3539 871 3593 refert.

345 3623 388 3694 **)
405 3626 487 3690 Quod
498 3625 658 3698 Propertius
671 3625 705 3693 3,
720 3626 767 3694 17,
783 3623 882 3682 15.16.
904 3623 963 3694 (ed.
978 3621 1069 3689 Puld.;
1083 3617 1110 3690 1,
1124 3623 1168 3689 17,
1183 3619 1280 3677 15.16.
1296 3621 1340 3676 sd.
1354 3623 1400 3678 Js·

262 3713 339 3780 oub.;
359 3711 458 3780 3,16,
479 3708 522 3765 15.
538 3713 580 3768 16.
596 3711 757 3780 ο1.Βιιηι.)
777 3709 931 3764 lleroelluru
950 3709 1026 3778 Bejis
1046 3715 1176 3762 nortuum
1194 3705 1276 3773 dicit,
1295 3706 1400 3762 dubitet

261 3795 421 3852 Bissoosrs'us
435 3791 559 3873 (bettore
573 3813 655 3868 soprs
670 3795 750 3848 Celso
764 3813 793 3866 p.
807 3793 882 3864 59.),
897 3811 957 3848 uum
968 3791 1016 3848 ille
1031 3791 1137 3862 frigidis
1150 3791 1245 3846 Muses
1258 3791 1399 3848 levationi-

261 3881 313 3936 bus
326 3879 476 3949 interierit3
496 3890 526 3938 st
539 3881 599 3936 hoio
621 3879 782 3937 dubitetioni
801 3881 960 3936 adversetur
978 3877 1211 3934 neneuduiuun
1229 3877 1324 3932 Diouis
1338 3876 1397 3946 (53,

260 3965 320 4034 30.)
334 3965 522 4024 twiosouim
551 3967 590 4022 lit
602 3964 693 4038 potuit
706 3983 770 4022 eene
784 3963 927 4020 Marcellus
946 3973 994 4019 sut
1011 3963 1078 4035 ipsis
1092 3963 1168 4036 stis
1189 3962 1302 4018 subinde
1318 3962 1399 4033 trigi-

260 4049 304 4104 dis
317 4051 515 4122 perfusionibus
529 4053 570 4110 uti
583 4058 644 4122 sut,
663 4059 694 4106 ut
707 4052 835 4106 observet
849 4051 994 4106 Possm
1013 4049 1125 4120 (Prope.
1140 4048 1174 4102 de
1188 4048 1308 4102 coneto
1323 4049 1397 4104 Celso

259 4152 288 4206 p·
301 4135 358 4206 9.),
382 4135 411 4190 in
425 4135 493 4194 huso
511 4137 598 4196 loeusu
611 4155 694 4212 seges·
714 4136 810 4192 ductus
825 4153 898 4204 esee,
917 4151 997 4206 quum
1010 4141 1092 4190 sutes
1112 4139 1221 4190 suetore
1235 4132 1313 4188 reos
1325 4133 1397 4188 inter

260 4238 308 4278 eos
321 4222 434 4288 fauo,
456 4223 508 4288 Qui
520 4231 601 4300 supet
621 4232 647 4278 es
666 4222 828 4278 mooun
846 4237 994 4292 ssppssoee
1003 4220 1126 4291 foetidus
1143 4219 1272 4278 osdsrm
1286 4217 1398 4274 auehi·

261 4307 408 4377 Gadium
417 4313 545 4376 west.
571 4309 613 4364 De
628 4307 766 4378 Propertii
780 4307 807 4360 in
821 4307 870 4362 lise
890 4323 921 4362 se
943 4321 995 4360 nou
1013 4306 1163 4376 spernendo
1183 4301 1337 4358 testimonio
1358 4302 1393 4357 ef.

259 4389 417 4464 nantog-
430 4389 466 4446 sd
478 4390 560 4464 Prop.
574 4393 598 4448 1.
613 4411 643 4464 p.
657 4393 703 4448 30.

341 4473 399 4548 m)
413 4475 463 4530 Ille
472 4494 501 4548 p.
512 4475 626 4536 1351161
640 4477 722 4548 „Dor
731 4475 811 4534 Beier
817 4492 888 4534 suuss
898 4474 963 4530 tue
973 4490 1023 4530 vor
1034 4473 1093 4530 desu
1103 4472 1210 4528 Wiutor
1220 4473 1395 4542 godecho

259 4559 331 4630 seis,
351 4560 510 4617 seluerlioh
531 4561 600 4633 731,
621 4579 664 4618 wo
679 4561 822 4618 Marcellus
842 4560 909 4616 neele
929 4559 1072 4698 densitates
1086 4559 1142 4612 Cur
1154 4557 1305 4616 verschisd.
1334 4559 1395 4614 W'u

1053 4637 1070 4680 *
1113 4639 1147 4714 (6
1158 4639 1188 4714 *l

1405 4622 1416 4657 t
