3372 5328
173 505 211 572 25
263 499 470 562 connaNT.
485 497 530 558 ΙΝ
543 495 636 558 HOR
651 496 725 559 ΗΒ.
742 499 765 564 Ι.
797 500 922 562 EPIST.
937 501 1057 564 TERT.
1072 501 1204 564 uacua.
1252 503 1316 568 185

172 693 223 750 dae
243 689 378 750 vielmelrr
399 706 454 746 ron
475 689 553 746 einer
572 685 720 746 Fussreiee
740 695 845 767 gesagt
862 709 915 747 nur
931 689 1094 761 hammon,
1115 691 1176 750 also
1198 711 1315 771 empor-

171 793 294 852 klettern
315 789 455 851 bedenten
475 788 590 864 warde,
615 789 760 847 wamma
778 811 808 849 eo
825 811 893 848 vom
916 791 1065 850 Sabinum
1082 793 1162 851 noch
1182 795 1262 852 Rom
1282 796 1315 851 in

176 893 352 975 Gegentheil
372 888 481 970 bergob
499 891 617 970 ging.“
659 891 731 960 Quis
751 900 812 968 est,
835 895 883 970 qui
903 893 958 952 hoc
980 893 1112 954 dubitet?
1148 895 1217 956 Non
1236 897 1316 956 videa

170 995 303 1055 Vinnium
323 996 431 1055 Romae
451 995 510 1071 jam
531 1000 689 1052 vernantem
707 993 736 1050 in
757 991 956 1073 hominumque
977 997 1061 1056 turba
1080 996 1125 1057 vel
1143 1006 1243 1058 contra
1259 997 1315 1056 Pa-

170 1098 288 1158 latinum
308 1099 352 1157 rel
372 1101 401 1156 in
420 1095 550 1155 Palatino
571 1111 637 1152 sese
656 1093 837 1152 moventem?
870 1095 908 1154 Et
926 1106 958 1156 ut
984 1098 1139 1157 Orelliano
1158 1099 1206 1158 illa
1226 1097 1316 1176 expli-

171 1201 246 1258 catio
268 1199 465 1260 consuetudini
492 1197 607 1256 dicendi
636 1195 820 1270 adversetur,
848 1205 938 1258 restat
965 1200 1070 1278 altera,
1098 1201 1127 1258 in
1154 1221 1210 1279 qua
1236 1199 1316 1258 notio

172 1285 312 1379 quaedam
332 1301 528 1380 impedimenti
548 1317 582 1357 ac
600 1315 714 1376 pugnae
734 1299 896 1376 praevalet,
917 1304 953 1361 ci.
974 1303 1034 1361 Sat.
1059 1306 1089 1380 2,
1110 1306 1141 1380 6,
1164 1301 1318 1367 28-30,

171 1403 243 1462 Earn
262 1405 413 1482 proposuit
437 1401 618 1461 Selamr'dr'ua.
662 1397 797 1478 Adjungo
818 1403 930 1460 tertiam
952 1403 1058 1463 homiui
1081 1405 1121 1463 illi
1149 1423 1207 1463 non
1227 1403 1319 1462 minus

173 1509 432 1583 accommodatam,
465 1522 522 1582 qua
550 1505 610 1580 ejus
637 1499 709 1559 firmi
741 1521 858 1579 gresem
888 1504 1006 1565 ridicule
1038 1505 1251 1578 deseribuntu13
1283 1504 1320 1564 ci.

172 1607 255 1666 Serv.
271 1607 309 1666 ad
323 1607 403 1684 Virg.
417 1604 490 1664 Aen.
512 1605 542 1678 2,
564 1603 636 1666 381.
657 1610 687 1666 et
707 1603 850 1664 Sebiracb.
872 1605 952 1667 Clas.
972 1607 1009 1668 H.
1030 1628 1060 1687 p.
1077 1609 1149 1672 606.
1170 1607 1225 1686 lt,
1242 1605 1321 1684 quod

173 1709 220 1768 lric
242 1711 421 1788 quaerimus,
451 1706 480 1764 in
500 1705 553 1763 hac
575 1703 679 1782 triplici
700 1707 815 1766 ratione
836 1709 927 1766 nitere
939 1730 1030 1788 porro
1049 1729 1139 1790 aeque
1163 1711 1236 1770 bene
1254 1710 1322 1786 jun·

173 1814 251 1889 gitur
272 1831 307 1870 aa
325 1811 368 1867 ire
383 1827 475 1887 porro
492 1827 605 1886 pergat
625 1805 691 1866 [ἦν.
713 1811 752 1887 9,
774 1813 810 1886 2,
834 1814 864 1875 8·
887 1817 918 1870 et
936 1832 1025 1892 agere
1041 1833 1132 1891 porro
1153 1821 1323 1870 armentum

173 1914 242 1972 ibid.
267 1915 296 1988 1,
318 1915 349 1989 7,
367 1914 397 1974 6.
420 1917 449 1972 et
470 1910 608 1969 translate
626 1929 719 1990 pergo
736 1931 826 1988 porro
847 1913 907 1972 Cic.
922 1914 958 1973 de
972 1915 1036 1974 Fin.
1052 1917 1083 1993 4,
1100 1918 1151 1991 27,
1169 1914 1221 1979 76.
1244 1914 1323 1972 Con-

174 2025 221 2076 tra
237 2017 397 2094 juncturam
417 2013 570 2074 verborum
585 2031 676 2089 porro
702 2012 805 2085 Vade,
827 2032 910 2091 quarn
929 2035 983 2094 pro
999 2035 1067 2076 sera
1087 2019 1175 2077 habet
1198 2013 1322 2084 Weber,

176 2135 290 2176 omnem
318 2117 391 2176 illins
417 2113 555 2174 formulae
582 2112 758 2173 valedicendi
782 2115 839 2175 vim
865 2116 1030 2177 delumbare
1060 2140 1145 2180 nemo
1172 2121 1242 2192 erit,
1276 2115 1324 2194 qni

175 2237 235 2278 uon
263 2219 463 2298 persentiscat.
508 2217 690 2294 Quapropter
718 2236 755 2276 ne
776 2219 805 2276 in
832 2217 993 2280 Danaidum
1014 2220 1092 2278 dolia
1112 2221 1263 2300 amphoras
1281 2219 1325 2278 in·

176 2321 311 2397 frmdam,
337 2317 463 2380 Webero
479 2338 543 2378 meo
565 2317 633 2379 illud
651 2317 815 2378 Attilianum
836 2319 931 2397 placet
946 2339 1119 2399 proponere:
1145 2323 1240 2381 Suom
1259 2321 1326 2378 cui-

176 2444 236 2503 que
256 2443 413 2500 aponrom,
442 2421 518 2480 milri
537 2437 643 2480 meam.
682 2418 782 2496 Jungit
802 2421 887 2498 igitur
915 2423 1078 2484 Wrbeme:
1108 2435 1210 2483 orotua
1228 2421 1326 2480 multa

172 2545 263 2604 prece
283 2527 391 2596 nr'tere,
411 2544 449 2582 ne
468 2524 514 2584 rel
534 2543 592 2582 neu
612 2539 715 2580 notrae
727 2522 801 2599 ¹„iclr
817 2522 984 2585 bitte'mir’s
998 2545 1049 2586 aar
1070 2528 1134 2608 (sey
1155 2528 1327 2604 instindigat

177 2628 332 2706 gebeton),
354 2627 422 2686 dass
443 2630 481 2687 du
502 2627 581 2686 nicht
598 2628 782 2703 jedermanu,
806 2628 882 2688 der's
904 2628 993 2688 bdren
1010 2630 1083 2708 will,
1106 2631 1252 2691 erziblst“
1272 2634 1325 2688 etc.

177 2730 313 2790 Similiter
333 2730 422 2789 rerba
443 2730 626 2804 ordinarunt,
647 2730 699 2787 aed
716 2749 807 2806 porro
823 2730 910 2790 verbo
931 2733 1022 2790 nitere
1042 2733 1231 2809 adjunxerunt
1252 2731 1328 2787 Bri-

178 2841 338 2901 tanntcue,
363 2831 529 2909 Cruan'uc,
550 2829 688 2888 Botbius.
722 2829 777 2888 Alii
793 2831 963 2909 interpretes
977 2835 1063 2894 ruodo
1081 2835 1189 2892 canant
1204 2834 1234 2889 in
1248 2833 1329 2910 prio·

178 2937 258 2995 ribus
280 2933 394 3004 verbis,
415 2932 500 2990 modo
519 2931 548 2988 in
565 2930 687 3005 ultimis,
709 2937 740 2988 ut
758 2932 943 3004 Ammius,
965 2935 1164 3012 Deapreziue,
1191 2931 1328 2990 Sonndo-

178 3059 237 3097 nnn
248 3081 259 3110 ,
284 3037 510 3112 Compenonna:
546 3031 605 3102 „A
626 3049 671 3088 me
688 3033 774 3090 toties
795 3041 931 3110 rogatus,
960 3035 1095 3110 oVinni,
1124 3034 1273 3110 diligenter
1296 3051 1329 3091 ac

178 3141 283 3202 sedulo
311 3152 469 3216 exsequere
497 3139 527 3192 et
554 3131 661 3210 perfice
682 3134 761 3211 quod
787 3135 929 3212 praecepi.
939 3134 961 3172 ‘⁶
1011 3137 1123 3196 Rursus
1151 3133 1329 3194 Rodellino:

180 3241 350 3321 „Quicquid
370 3243 488 3317 iusuper
508 3235 601 3295 studio
624 3240 653 3293 et
674 3253 741 3294 cura
759 3235 888 3314 poteris,
909 3237 1004 3296 multis
1026 3259 1042 3298 a
1063 3258 1108 3298 mc
1128 3242 1245 3316 rogatus
1264 3257 1331 3317 pre-

181 3345 263 3405 cibus
284 3345 347 3422 ipse
368 3340 516 3418 adjicies.“
545 3338 646 3414 Hujus
669 3338 797 3415 vestigiis
818 3337 905 3398 instat
929 3339 1196 3400 Wnlckenaeriue:
1224 3338 1331 3416 „Tua

182 3447 310 3508 entendu
330 3465 390 3504 mes
410 3441 698 3514 recommendatione,
721 3459 782 3498 mes
802 3441 928 3518 prienesr
950 3442 1004 3502 iaie
1024 3445 1063 3502 de
1083 3449 1133 3502 ton
1152 3443 1258 3515 micu13
1279 3445 1332 3501 ad·

180 3551 252 3628 jeu“
267 3553 321 3606 etc.
354 3547 462 3604 Contra
481 3544 648 3600 Doceriuc:
671 3540 786 3619 „Vade
802 3561 917 3622 cepas,
936 3544 967 3620 je
985 3545 1044 3604 t'en
1059 3545 1191 3622 conjure,
1208 3561 1246 3602 ne
1259 3543 1331 3603 t’ar-

183 3651 244 3711 rete
265 3669 319 3728 pas
341 3649 515 3722 darantage,
536 3663 620 3724 pars,
642 3645 757 3720 adjeu.“
803 3645 934 3702 Gesner.-
963 3647 1064 3723 „Satis
1086 3653 1116 3706 te
1140 3647 1234 3717 oravi;
1254 3646 1332 3725 quod

185 3755 335 3832 superest,
357 3755 388 3808 tu
412 3747 526 3808 nitere“
541 3753 596 3806 etc.
627 3745 720 3806 Aliam
738 3748 811 3806 viarn
832 3765 883 3806 sua
903 3745 1055 3808 verborum
1069 3750 1202 3827 junctura
1221 3750 1333 3825 ingrcs-

187 3873 235 3914 rua
257 3860 304 3913 eet
329 3851 496 3912 Vmorem.-
521 3849 570 3925 „si
591 3849 713 3926 deniqne
733 3855 835 3927 poscet
854 3867 881 3907 r.
903 3849 945 3922 3.,
970 3857 1066 3910 oratus
1086 3852 1121 3910 ab
1140 3850 1269 3929 Augusto
1287 3851 1333 3912 vel

187 3953 407 4016 aiamiliaribus
429 3951 520 4029 ‘jum‘
545 3950 662 4018 -Qui
686 3953 778 4008 triten
802 3971 892 4030 porro
917 3953 1120 4032 praeeuntibus
1145 3953 1275 4031 Crnan'o
1303 3959 1334 4012 et

159 4127 170 4138 ἱ
188 4059 250 4136 ejus
272 4056 433 4114 Scholiasta
460 4051 640 4132 „adlabora,
660 4051 705 4111 rel
727 4072 799 4131 age,
823 4053 860 4112 da
882 4072 992 4113 omnem
1015 4075 1131 4134 operam
1139 4057 1160 4092 ‘⁶
1183 4057 1334 4134 explicant,

189 4177 260 4218 auae
281 4156 472 4235 explicationis
489 4153 680 4234 patrocinium
699 4155 805 4218 habent
826 4157 855 4214 in
875 4153 953 4214 Nou.
973 4155 1102 4220 Marcell.
1121 4157 1152 4236 5,
1174 4157 1248 4232 100,
1269 4155 1334 4216 coll.

189 4256 222 4337 4,
243 4260 275 4323 3.
308 4259 340 4318 ln
362 4258 461 4317 Vocati
481 4262 510 4316 et
531 4257 646 4317 mutatis
667 4258 809 4317 mutandis
830 4263 957 4317 nostram
975 4260 1143 4320 senteutiam
1170 4259 1336 4316 Garaman-

191 4379 267 4418 nue:
296 4359 395 4438 „Mug
415 4377 480 4418 man
500 4356 663 4418 fleheutlicb
680 4357 787 4435 bitten,
810 4359 849 4417 du
869 4359 953 4446 lebret
967 4359 1046 4420 nieht
1064 4361 1122 4420 und
1136 4364 1248 4439 sputest
1261 4359 1335 4422 dieb.

192 4458 375 4522 Vomirta“!
404 4459 538 4520 Similiter
562 4459 714 4531 Scaeuo,
746 4459 903 4532 Giinther,
925 4462 1050 4521 Peneon.
1071 4466 1102 4522 et
1122 4459 1248 4520 Merkel.
1280 4462 1337 4523 Ce-
1374 4447 1379 4459 ⁸

193 4565 282 4620 terum
304 4563 340 4624 de
365 4563 471 4623 usitata
491 4561 612 4624 formula
631 4573 734 4622 oratus
754 4561 851 4620 multa
868 4582 958 4641 preco
981 4562 1137 4624 Lambinus
1156 4562 1252 4622 laudet
1273 4565 1337 4628 Cic.
