3512 5324
279 452 321 520 2³
362 449 575 516 munuum
591 449 634 514 IN
647 449 742 512 11011.
755 448 832 514 118.
848 451 870 510 Ι.
905 447 1032 512 EPIST.
1047 447 1167 512 TERT.
1181 447 1314 514 1180111.
1358 447 1420 514 tou

276 659 306 720 p·
322 640 394 704 180.
424 645 455 700 et
477 637 616 700 antser.
643 657 672 716 p.
694 638 745 700 98.
775 637 814 698 At
841 636 927 717 plone
951 635 1085 696 ridiculus
1107 640 1154 697 cst
1181 637 1285 696 ΟἰΙαηο
1304 635 1367 718 (IV.
1387 657 1417 718 p.

277 739 400 820 1092),
431 741 510 818 cujus
535 741 685 802 absurdum
709 739 792 819 hujus
821 740 877 800 loci
905 741 1167 816 interpretationem
1186 738 1328 798 indicasse
1348 741 1419 800 sotis

274 843 339 904 erit.
372 841 523 912 Quomodo
541 850 634 904 sutem
657 841 888 920 cummim
904 839 978 900 bunc
996 840 1089 900 locum
1107 840 1151 899 his
1169 857 1239 898 usus
1256 839 1352 899 verbis
1369 859 1419 900 ex·

273 944 426 1024 pedirerit:
448 943 609 1022 „Pilcolunr
628 948 773 1005 autemst
793 941 888 1004 solens
909 962 961 1022 pro
981 942 1056 1022 pileo
1077 947 1107 1004 et
1127 941 1229 1002 oniceis
1252 941 1327 1002 inter
1348 961 1416 1002 con·

274 1047 390 1123 rivium,
409 1047 618 1108 commoditatis
636 1063 739 1122 conss,
760 1043 815 1104 sibi
835 1045 962 1122 ponet,“
983 1063 1028 1106 rne
1048 1063 1108 1104 non
1120 1044 1330 1124 persentiscere
1347 1061 1417 1122 pro-

273 1150 368 1210 fiteor.
414 1148 536 1226 Neque,
562 1168 649 1228 quun
676 1151 713 1208 de
738 1147 887 1208 incedendi
915 1148 1103 1224 gestandique
1127 1146 1223 1224 pileoli
1247 1167 1311 1206 cum
1330 1147 1416 1206 soleis

273 1251 408 1329 imprimis
437 1252 548 1310 rationo
572 1251 698 1326 dicutur,
726 1251 869 1308 assentior
897 1247 1028 1318 Orellio,
1059 1250 1104 1308 cui
1123 1249 1207 1309 homo
1227 1248 1274 1307 ille
1299 1267 1334 1308 eo
1355 1267 1416 1308 ms·

271 1353 342 1414 xime
358 1352 491 1416 ridiculus
512 1339 561 1428 fii,
582 1353 683 1429 „quod
698 1352 763 1410 durn
781 1359 1009 1428 quantocumque
1024 1355 1120 1428 potest
1134 1369 1195 1410 cum
1210 1352 1314 1411 decore
1331 1351 1416 1412 soieis

269 1453 348 1530 puris
374 1473 427 1514 uec
455 1453 572 1532 pulvere
595 1454 741 1530 adspersis
762 1455 793 1512 in
817 1453 968 1512 triclinium
995 1452 1113 1512 introire
1140 1461 1222 1532 purat
1246 1452 1415 1531 calceosque

270 1552 310 1613 ibi
329 1562 430 1619 exutos
451 1561 483 1613 et
504 1554 609 1634 pileum
629 1555 745 1614 atriensi
766 1557 870 1632 osuit,
891 1555 924 1612 iis
946 1553 1091 1630 omnibus,
1121 1555 1168 1632 qui
1190 1576 1277 1633 quum
1296 1555 1415 1614 muxirue

268 1656 297 1716 in
314 1655 388 1720 strio
411 1664 494 1732 sunt,
528 1661 558 1716 et
583 1657 712 1734 ingenuis
740 1662 769 1718 et
797 1657 906 1718 libertis
934 1663 965 1716 et
989 1659 1078 1716 serris
1105 1658 1189 1716 nimis
1217 1657 1357 1718 demissus
1378 1673 1413 1716 uc

269 1759 385 1820 timidus
406 1758 558 1818 videtur.“
593 1759 696 1837 Neque
717 1779 858 1820 moremur
880 1778 950 1835 cos,
976 1775 1136 1837 quanquam
1153 1767 1220 1820 sunt
1236 1759 1335 1835 multi,
1365 1759 1413 1838 qui

269 1862 299 1920 in
319 1860 373 1922 hoc
394 1860 495 1922 festius
510 1862 689 1922 convivorum
711 1861 890 1940 plebejorurn
911 1862 1103 1940 descriptione
1120 1881 1178 1922 uon
1203 1863 1365 1940 ingressum
1383 1861 1413 1920 in

268 1963 399 2039 domun,
421 1964 474 2024 sed
497 1961 602 2026 ebitum
623 1965 764 2040 sentiunt,
785 1966 826 2024 its
843 1971 876 2024 ut
893 1966 1028 2023 convivus
1048 1962 1129 2041 illos,
1151 1983 1236 2042 quum
1256 1964 1329 2024 bene
1349 1964 1412 2040 poti

268 2081 302 2122 sc
322 2063 410 2125 multo
430 2083 509 2124 mero
536 2065 634 2144 irrigui
652 2064 805 2140 redierint,
832 2063 949 2124 ridicrds
965 2069 1021 2124 istu
1045 2073 1075 2126 et
1097 2064 1194 2143 pileoli
1215 2071 1244 2126 et
1269 2065 1411 2128 solearum

268 2166 427 2242 gestatione
441 2183 508 2223 usos
527 2185 593 2226 csse
611 2167 750 2244 opinionis
772 2186 869 2228 errore
889 2167 943 2225 sibi
964 2167 1164 2246 persuadeant.
1423 2159 1425 2163 ¹

351 2263 386 2324 V.
409 2266 449 2330 16
466 2299 502 2310 -
519 2268 571 2331 18.
618 2267 686 2325 Nec
706 2268 794 2348 volgo
820 2302 855 2313 -
878 2271 971 2326 nitere
985 2289 1089 2347 pono.
1131 2268 1195 2326 Jum
1215 2267 1296 2325 addit
1314 2265 1409 2325 Horu·

265 2369 337 2444 tius,
366 2387 439 2446 qnne
457 2367 562 2427 Vinnio
583 2373 735 2447 praetereo
754 2371 932 2430 observando
954 2371 1026 2448 siut,
1055 2388 1143 2448 quare
1164 2369 1184 2427 ii
1205 2370 1337 2442 videant,
1361 2367 1408 2445 qui

265 2489 368 2530 suusne
390 2469 513 2530 difficilis
520 2511 531 2546 ,
560 2471 578 2533 i.
601 2491 625 2530 e.
646 2469 784 2549 Asyndeti
805 2493 842 2530 ns
863 2478 1050 2552 susceperunt
1074 2471 1270 2552 patrocinium.
1316 2469 1408 2528 Recte

269 2572 408 2632 Vossius:
437 2571 547 2651 „Auch
573 2573 651 2632 nicht
673 2573 766 2632 melde
793 2575 858 2633 dern
875 2573 991 2633 vorm
1009 2607 1051 2620 -
1072 2573 1179 2654 volgo,
1208 2572 1245 2630 de
1266 2569 1408 2630 sententis

269 2672 393 2745 Orellii,
418 2673 621 2752 „ardelionurn
638 2677 748 2734 circulis
770 2682 800 2734 et
808 2675 916 2743 ,turbae
940 2675 1103 2736 libertorum
1112 2675 1143 2755 *)
1161 2675 1191 2734 in
1214 2672 1329 2732 nedibus
1349 2669 1406 2731 Pn-

263 2773 394 2834 latinis.“
423 2775 513 2835 immo
541 2777 627 2854 volgo
655 2778 801 2848 Romnno;
826 2781 930 2836 etenim
949 2777 1067 2838 Vinnius
1090 2779 1212 2837 Romam
1239 2776 1405 2848 advenerat,

261 2877 387 2936 nondum
401 2883 495 2936 sutem
512 2879 666 2936 intruserat
684 2879 816 2956 palatium
833 2878 966 2953 Augusti.
996 2877 1091 2942 Dictis
1106 2877 1259 2936 sudavisse
1267 2873 1405 2954 serendo,

263 2977 434 3036 uoomrnuni
449 2978 507 3034 vite
522 2996 681 3055 quanquam
694 2979 802 3057 petits,
817 2978 962 3037 Romanus
976 2997 1058 3038 aures
1074 2979 1166 3038 minus
1181 2977 1303 3036 offendit
1320 2993 1404 3054 quum

205 3061 211 3067 ⁵
262 3083 387 3138 nostrus.
437 3079 481 3138 lta
503 3075 538 3137 Α.
560 3076 593 3137 Ρ.
617 3073 688 3142 241.
717 3077 803 3136 sudet
830 3065 959 3135 muitum
974 3079 1151 3158 srrcstraqus
1177 3073 1304 3154 laboret,
1336 3077 1402 3136 ibid.

262 3177 333 3245 413.
355 3180 419 3240 coll.
441 3180 503 3238 Sat.
525 3181 554 3258 1,
573 3179 604 3256 9,
625 3181 675 3244 10.
707 3179 870 3260 Epod.10,
891 3177 941 3242 15.
964 3178 1021 3238 Od.
1044 3177 1139 3256 111,
1159 3177 1303 3259 9.**)a1.
1325 3177 1402 3248 Quid

344 3393 374 3472 ⁴¹)
394 3400 535 3458 Commode
549 3400 697 3457 Rodciiius:
714 3403 833 3470 „Monet
845 3422 880 3457 ne
895 3401 979 3457 facist
992 3402 1062 3473 quod
1076 3403 1149 3458 servi
1164 3404 1280 3478 {plebeji
1294 3419 1400 3476 quoquo

259 3485 389 3556 homines]
402 3486 557 3558 aliquosum
568 3486 697 3541 mundatis
707 3489 779 3542 ruisd
791 3489 880 3544 fscsre
894 3490 995 3556 solent,
1012 3504 1089 3558 quum
1101 3487 1197 3559 possim
1204 3491 1310 3560 jactent
1319 3507 1401 3544 nurn-

259 3580 314 3628 scm
328 3589 344 3626 s
359 3590 390 3626 se
404 3572 537 3642 ogregiam
552 3589 661 3644 operum
671 3573 839 3642 festinando,
855 3576 955 3646 quippo
966 3572 1010 3644 qui
1022 3591 1140 3642 rnngnurn
1150 3575 1274 3646 qniddsnr
1285 3575 1400 3629 efluunt

259 3677 277 3713 u
289 3657 405 3712 domino.
443 3658 601 3712 Nositururn
615 3659 683 3712 onim
698 3659 805 3729 putarit
817 3660 946 3715 Horatius
960 3658 1015 3712 suis
1029 3658 1119 3730 libris,
1136 3661 1159 3714 si
1180 3661 1256 3715 hono
1275 3676 1398 3732 prussor-

259 3744 307 3798 tirn
320 3763 336 3798 s
350 3762 379 3799 se
393 3745 504 3813 misum,
526 3761 573 3799 sos
593 3743 632 3798 sic
646 3744 731 3798 effuso
746 3743 866 3799 isudsrst
883 3743 1105 3816 prseuenirotque
1124 3745 1251 3800 lectorum
1267 3745 1396 3815 judicit.“

324 3823 370 3897 *1)
384 3829 487 3884 eonsrs
500 3847 561 3897 eos,
577 3829 673 3900 quibus
684 3831 801 3886 sudando·
814 3832 924 3884 rorbun
938 3831 1029 3899 (Horu.
1042 3830 1075 3884 ll.
1089 3831 1139 3900 23,
1153 3829 1230 3901 715.)
1244 3831 1344 3901 siiqrdd
1357 3831 1398 3886 in-

260 3915 331 3982 gnu
345 3923 393 3969 sut
407 3915 501 3970 rustici
520 3913 619 3970 habero
632 3916 717 3970 visum
731 3920 788 3983 ost,
806 3917 854 3970 ur.
869 3915 1003 3970 Josoisius
1016 3915 1055 3970 its
1068 3915 1199 3983 surrexit,
1219 3921 1250 3970 ut
1263 3915 1306 3987 (p.
1321 3913 1398 3983 170.)

260 4001 386 4067 doceret,
408 3999 473 4054 iilud
488 4002 597 4054 rorburn
612 4017 661 4070 pro
677 4001 793 4055 uultus
812 3999 928 4070 positum
951 3999 1039 4070 ungui
1051 4001 1149 4056 isboris
1169 4000 1239 4056 omni
1259 3999 1398 4056 obsessu-

257 4091 317 4138 tsts
330 4085 451 4140 detractu
465 4088 565 4140 hebere
580 4085 713 4141 notionesn
727 4085 787 4139 soil.
800 4084 892 4156 Epist.
908 4090 933 4154 2,
949 4088 975 4155 1,
991 4089 1051 4142 168.
1076 4085 1189 4150 Quindt.
1204 4089 1271 4140 lust.
1285 4084 1312 4154 5,
1326 4088 1354 4152 1,
1369 4086 1395 4139 1.

258 4169 318 4224 Cic.
334 4169 424 4240 Epist.
440 4171 473 4226 sd
485 4171 546 4225 Dis.
562 4171 591 4240 8,
606 4173 649 4241 12,
663 4173 690 4228 8.
712 4171 768 4226 Sed
779 4171 849 4226 rutis
863 4177 892 4224 et
904 4189 968 4226 usus
980 4172 1061 4228 istius
1073 4178 1160 4243 putot.
1181 4172 1239 4227 Cic.
1254 4171 1290 4226 de
1303 4171 1353 4224 Or.
1368 4171 1395 4238 1,

257 4257 308 4322 60,
324 4251 384 4310 257.
400 4257 480 4310 sudor
493 4256 1235 4327 1111111νί1.111.81οὥα1,18,61.εἰποιι1ὼνοσ1
1252 4255 1395 4325 ursicine.

258 4340 369 4396 8111811.
382 4337 445 4410 Iup·
456 4336 501 4407 85,
513 4337 558 4398 41.
573 4341 654 4413 (ibiq.
665 4341 756 4411 cort.)
764 4345 902 4410 sudorsur,
911 4345 1045 4413 puluere·
1055 4349 1080 4398 ss
1091 4342 1147 4396 uiis
1156 4341 1225 4398 talin
1232 4339 1305 4394 notu
1314 4338 1396 4392 scii·-

230 4467 238 4483 .
258 4433 349 4492 mi.
371 4423 486 4480 Terent.
499 4425 604 4480 ruore.
615 4423 642 4492 1,
653 4427 681 4492 8,
691 4427 735 4482 28.
755 4427 1009 4494 Εὴαᾶὠῦιώ,
1023 4427 1169 4481 sooner·
1180 4422 1396 4493 ior-insicum·

258 4517 309 4564 tus.
327 4511 400 4566 sus.
414 4509 482 4566 sur.
493 4509 528 4579 8,
544 4514 574 4579 2,
589 4512 650 4567 128.
664 4530 730 4583 puer
739 4513 779 4566 isis
791 4512 894 4568 sudauit
902 4513 929 4565 in
941 4513 1018 4566 osuiu
1033 4511 1130 4567 Sonos.
1145 4509 1235 4579 Epist.
1249 4503 1276 4564 1.
1297 4511 1339 4564 Ad
1351 4527 1395 4562 su·
