3504 5324
163 497 181 526 *
242 496 262 556 9
325 489 535 550 COMMENT.
552 489 595 550 lN
608 489 703 550 Hos.
717 488 792 548 LlB.
807 489 830 546 1.
865 487 989 548 EPIST.
1007 487 1125 548 TERT.
1143 483 1275 548 vactro„
1320 482 1382 548 169

241 699 293 758 pro
316 699 400 738 serso
421 676 600 751 honestiore,
629 677 677 753 qui
705 679 812 757 scripto
834 677 940 738 tradito
961 677 1058 755 legere
1087 683 1230 755 potuerit,
1243 715 1246 720 -
1259 681 1308 736 aut
1329 695 1381 756 pro

241 780 340 842 tribuli
360 799 394 840 ex
413 781 477 838 vico
504 778 654 838 htandelae
680 797 738 837 noa
764 779 861 857 inepto
883 786 912 838 et
938 779 1008 838 alias
1035 780 1158 840 sonasse
1186 781 1325 840 tabellarii
1345 781 1384 837 ad

242 884 395 944 Caesarem
411 901 527 941 munere
543 883 642 940 iuncto
661 899 754 959 neque
773 881 897 960 Principi
918 882 1016 958 ignoto
1037 881 1151 942 habent.
1188 883 1273 941 Cous.
1295 901 1322 940 v.
1345 883 1383 946 12
1458 911 1462 930 ¹

242 986 309 1064 ibiq.
343 983 498 1045 Soandos.
530 982 662 1041 Jahru'uo
679 982 759 1041 illum
774 984 917 1044 hominem
932 985 1067 1044 rusticum
1084 992 1114 1044 et
1130 985 1284 1063 ignobilem
1296 983 1387 1041 fluisse

243 1090 330 1166 dicit,
351 1089 536 1166 Doeringiua
555 1084 733 1144 tabellarium
754 1090 784 1142 et
804 1085 914 1144 servilis
936 1087 1104 1146 conditionis
1124 1063 1284 1162 homihem,
1302 1103 1387 1162 qaam

243 1191 412 1250 sententiam
431 1191 473 1248 ita
498 1187 639 1266 improbat
658 1185 818 1257 anaer,
843 1193 875 1246 ut
893 1194 1005 1266 patrem
1025 1189 1119 1247 Vinnii
1141 1189 1272 1248 libertum
1293 1189 1388 1266 cujas-

245 1294 311 1352 dam
331 1293 450 1352 hominis
471 1289 648 1367 cognominis
668 1288 758 1348 tuisse
780 1289 896 1348 eredere
922 1289 1008 1350 malit.
1052 1290 1105 1349 Alii
1126 1290 1231 1350 habent
1250 1309 1303 1368 pro
1331 1307 1388 1348 ano

246 1413 280 1454 ex
302 1395 355 1454 illis
376 1395 504 1474 patribus
526 1383 662 1467 familias,
690 1391 739 1468 qai
761 1393 922 1450 conditione
943 1392 1064 1469 quadam
1086 1393 1199 1453 Horatii
1219 1411 1319 1469 agnam
1338 1410 1388 1450 co-

161 1523 164 1530 ·
245 1496 329 1556 luerit
349 1516 488 1575 quemque
509 1494 573 1554 Itali
592 1494 679 1552 hodie
699 1493 808 1572 podere
828 1513 931 1554 vocare
954 1494 1075 1554 soleant.
1118 1496 1212 1572 Atque
1233 1494 1308 1552 hand
1329 1493 1389 1550 scio

246 1615 283 1658 an
300 1599 375 1659 idem
395 1599 518 1658 senserit
533 1597 702 1666 Dacorum,
726 1615 811 1673 quam
832 1597 953 1657 diceret:
979 1577 1051 1673 „Ce
1070 1597 1209 1675 vinnius,
1235 1598 1308 1655 dont
1327 1593 1391 1653 Ho-

246 1719 313 1760 race
331 1719 363 1760 se
385 1707 463 1777 sert,
491 1701 578 1776 dtoit,
606 1719 672 1759 sans
693 1699 779 1758 doute
786 1739 796 1774 ,
824 1718 862 1760 aa
882 1701 919 1758 de
948 1699 1015 1778 cinq
1043 1703 1128 1779 peres
1154 1699 1191 1757 de
1218 1697 1322 1757 familie
1343 1694 1391 1774 qai

248 1805 444 1882 oomposoient
461 1803 489 1862 le
506 1803 579 1881 petit
596 1802 714 1862 hamesn
735 1802 893 1878 d'Horace,
916 1807 947 1860 et
967 1801 1038 1861 dont
1055 1801 1076 1859 il
1093 1801 1172 1880 parle
1185 1804 1257 1861 dans
1270 1799 1392 1880 l'Epitre

249 1905 297 1981 qui
318 1902 376 1962 suit
401 1904 544 1964 celle-ci.“
591 1904 673 1964 Hanc
699 1907 869 1965 sententiam
900 1903 1090 1963 Weiohertzeo
1112 1923 1228 1982 ‘quoque
1257 1903 1299 1981 (p.
1326 1902 1393 1983 81.)

248 2005 318 2063 iecit
338 2023 435 2080 suam,
457 2007 586 2082 sedita,
610 2012 643 2065 at
662 2015 819 2085 praeeunte
833 2007 964 2066 Gesnero
983 2005 1073 2064 honos
1090 2006 1154 2064 illos
1168 2017 1271 2084 patros
1293 2006 1393 2082 singu-

250 2105 341 2166 larum
360 2106 488 2166 villarum
513 2109 644 2167 dominos
666 2113 695 2166 et
715 2109 815 2169 Variae
842 2110 999 2189 municipes
1018 2109 1108 2168 fuisse
1129 2108 1213 2168 dicat.
1255 2106 1296 2167 At
1321 2125 1395 2186 quae

250 2209 322 2267 ratio
342 2208 463 2268 istorum
481 2215 593 2288 patrum
611 2211 667 2289 sit,
687 2208 725 2271 ad
745 2213 839 2292 Epist
862 2211 913 2289 14,
937 2216 966 2277 2.
988 2212 1019 2274 3.
1039 2211 1157 2271 dicetur.

335 2307 381 2369 De
401 2311 514 2372 nomine
534 2311 603 2372 haec
624 2321 762 2374 annotant
780 2313 975 2392 Scholiastae,
998 2313 1094 2372 Aca:
1115 2312 1297 2384 „Caninius
1319 2309 1396 2368 Vin-

251 2413 320 2470 m'aa
341 2413 469 2485 Bouto,
489 2415 527 2474 ad
548 2434 633 2494 quem
651 2417 723 2476 hsec
740 2419 862 2496 epistola
878 2417 985 2495 scripta
997 2422 1059 2491 est,
1081 2419 1191 2494 patrem
1212 2414 1311 2472 habuit
1328 2432 1396 2490 cog-

252 2518 365 2576 nomine
385 2515 528 2576 Asinam.
570 2518 678 2579 Alludit
699 2538 768 2597 ergo
788 2521 895 2578 nomini
915 2522 977 2599 ejus
999 2523 1029 2578 et
1049 2519 1131 2596 quasi
1151 2517 1302 2576 convenire
1322 2516 1396 2574 hanc

253 2617 466 2695 explicationem
489 2620 611 2680 nominis
636 2623 696 2698 ejus
718 2623 831 2699 ingenio
855 2622 915 2680 vult
932 2619 1060 2682 videri.“
1099 2619 1267 2698 Porphyr..·
1292 2617 1398 2690 „hanc

254 2718 353 2778 scribit
379 2720 416 2778 ad
451 2723 598 2780 Vinaim
625 2723 785 2795 Asellam,
820 2743 906 2802 quem
931 2726 1016 2783 docet
1044 2723 1132 2799 Han,
1163 2721 1399 2800 quemadmodum

254 2818 384 2896 Augusto
406 2823 474 2882 velit
492 2821 616 2882 exhiberi
635 2824 745 2886 libellos
766 2828 874 2886 suos.“
916 2825 1018 2884 Schol.
1044 2825 1156 2903 (ineps
1180 2823 1242 2894 „G
1270 2821 1400 2880 Vinniuo

255 2919 384 2989 Blauto,
405 2921 442 2977 ad
462 2940 546 2997 quem
562 2923 632 2983 haec
650 2927 771 3002 epistola
784 2931 892 3008 scripta
914 2934 974 3002 est,
994 2932 1105 3007 patrem
1120 2925 1218 2983 habuit
1233 2921 1400 2998 cognomine

256 3019 408 3098 Asinam,
440 3023 478 3080 ad
498 3043 583 3100 quem
604 3026 701 3086 alludit
721 3036 749 3089 et
775 3030 849 3088 hanc
869 3028 1088 3107 appellationem
1107 3025 1229 3084 nominis
1255 3023 1313 3084 vult
1341 3025 1401 3102 ejus
1452 3045 1458 3070 ¹

255 3125 371 3201 ingenio
389 3127 572 3186 convenire.“
606 3130 702 3190 Simile
720 3139 765 3191 est
782 3130 944 3208 glossema,
963 3128 1147 3208 praenomine
1160 3133 1270 3186 tantum
1286 3127 1403 3204 omisso,

258 3227 364 3286 codicis
385 3246 431 3306 ap.
454 3227 638 3291 Torrentiam
657 3233 694 3292 ad
714 3255 740 3294 v.
762 3237 792 3297 7.
832 3234 877 3294 Ex
897 3235 941 3292 hia
960 3233 1030 3310 ipsis
1050 3236 1187 3308 apparet,
1214 3230 1291 3308 apud
1311 3228 1403 3288 hero-

258 3349 340 3407 nem,
369 3331 448 3408 quod
474 3330 547 3392 bene
571 3333 644 3393 vidit
675 3335 866 3397 Weiohertuo
884 3357 915 3414 p.
938 3337 996 3411 78,
1027 3332 1234 3392 emendandam
1255 3351 1336 3392 ease:
1369 3331 1402 3389 0.

264 3433 395 3491 anius
415 3433 544 3512 Fronto,
572 3443 671 3496 conns
690 3441 767 3518 apud
783 3437 1007 3520 Porphyrionem
1025 3437 1142 3516 proprio
1163 3455 1234 3494 ausu
1254 3440 1405 3513 paternam

260 3555 418 3614 cognomen
441 3533 556 3592 Asinae
575 3539 605 3595 in
626 3539 684 3597 filio
706 3540 893 3601 describendo
915 3542 944 3598 in
966 3539 1125 3609 Asellam,
1151 3537 1233 3598 sicuti
1260 3541 1404 3596 nostrates

261 3637 371 3696 dieunt:
393 3639 473 3714 „der
487 3641 574 3718 junge
591 3639 724 3720 Asina,“
744 3649 882 3702 mutatum
899 3643 999 3705 videri.
1035 3643 1218 3721 Quapropter
1235 3659 1298 3698 cum
1320 3637 1406 3696 Orel-

262 3739 318 3818 lto,
349 3742 394 3800 cui
414 3739 550 3802 Horatius
568 3761 595 3802 v.
616 3746 646 3806 8.
669 3744 787 3802 Asinae
806 3766 859 3825 pro
881 3743 1007 3802 Asellae
1027 3745 1132 3804 dixisse
1151 3744 1280 3820 videtur,
1311 3743 1406 3800 facere

263 3864 321 3904 non
334 3865 460 3924 possum.
491 3845 521 3904 Is
535 3853 629 3906 autem
646 3854 723 3907 recte
741 3848 892 3925 observat,
914 3848 990 3924 quod
1005 3858 1166 3925 paternum
1180 3847 1219 3906 sit
1237 3863 1406 3924 cognomen,

263 3955 421 4008 monstrare
441 3949 559 4008 Pactam
575 3953 636 4028 jam
659 3957 770 4028 patrem
789 3951 943 4026 ingenuum
968 3950 1106 4009 rusticum
1133 3950 1293 4009 Romanum
1319 3947 1408 4006 faisse

264 4069 320 4111 nec
340 4069 407 4109 vero
426 4069 583 4126 cognomen
601 4051 660 4110 tilio
690 4052 876 4112 contumeliae
904 4071 991 4112 causa
1010 4051 1139 4112 inditum.
1187 4050 1317 4110 Eandem
1338 4065 1409 4122 rem,

265 4155 285 4214 i.
313 4172 340 4212 e.
367 4151 479 4232 gentile
503 4171 626 4230 mmen,
652 4153 691 4212 ibi
716 4156 786 4234 ipsis
814 4155 907 4214 verbis
935 4156 1060 4214 vindicat
1086 4151 1261 4234 Porphyrio,
1288 4167 1410 4228 quocum

267 4255 411 4318 consentit
437 4255 566 4314 Auctor.
603 4257 714 4316 Comm.
742 4268 798 4322 vet.
825 4259 900 4337 apud
926 4258 1013 4336 Cruq.
1035 4277 1065 4336 p.
1092 4257 1164 4320 693.
1209 4253 1294 4314 Unde
1314 4257 1410 4312 autem

268 4379 426 4440 cognomen
440 4357 597 4416 Flanona
613 4361 643 4419 in
662 4362 807 4438 utriusque
821 4361 996 4422 Scholiastae
1018 4357 1236 4418 commentarios
1256 4354 1344 4434 pedes
1365 4353 1410 4413 in·

269 4462 381 4539 tulerit,
400 4481 447 4520 me
468 4478 532 4518 cum
547 4459 717 4521 Weichmo
733 4463 845 4524 nescire
866 4463 968 4522 fateor.
1001 4462 1086 4520 Cant.
1099 4460 1230 4521 Diintner
1246 4475 1276 4535 p·
1296 4457 1338 4518 87
1351 4451 1411 4534 **).

272 4563 404 4625 Ceterum
421 4581 478 4624 nna
498 4563 581 4624 litera
601 4583 622 4622 n
646 4565 770 4626 Vinium
792 4565 904 4642 scripsit
923 4562 1079 4633 Bentlejus
1098 4559 1214 4619 Gruteri
1232 4558 1341 4619 innisus
1365 4557 1411 4614 in-
