3458 5318
326 455 370 520 st
695 453 906 537 Δ1111111111
927 451 980 516 sn
1003 455 1038 516 v.
1061 457 1111 521 12.
1442 453 1484 524 11

328 645 520 723 Nunquamne
539 640 702 722 Horatium,
736 643 783 721 qui
811 642 905 703 villam
928 642 1063 702 Sabinam
1079 649 1140 702 tam
1160 656 1247 720 saepe
1267 641 1435 720 significarit
1455 649 1485 703 et

327 748 422 829 apat
447 750 477 824 1,
502 746 551 809 16.
574 745 700 824 pluribus
721 745 918 824 descripserit,
939 765 977 806 ne
996 744 1085 804 verbo
1106 744 1219 823 quidem
1238 743 1319 822 hujus
1341 747 1382 805 rei
1403 762 1485 806 men·

328 849 434 910 tionem
454 845 613 927 injecisset
631 844 695 908 Huc
714 846 827 906 accedit
847 846 993 924 utriusque
1013 848 1068 906 loci
1091 847 1224 908 distantia
1245 855 1276 907 et
1296 849 1373 925 qnod
1388 847 1485 908 villam

328 952 467 1013 urbanam
496 952 588 1030 ipsam
617 952 646 1009 in
666 947 773 1007 Sabina
802 947 850 1007 illa
873 947 947 1006 valle
978 949 1059 1010 sitam
1086 951 1175 1010 fuisse
1201 950 1277 1008 baud
1302 949 1436 1026 ambigue
1455 951 1486 1008 in

328 1052 456 1134 pluribus
481 1052 553 1110 locis
581 1057 615 1109 ut
644 1047 737 1129 Epist.
768 1052 803 1126 1,
835 1049 884 1114 10.
914 1049 964 1111 16.
997 1050 1117 1129 81112,
1142 1055 1174 1116 6.
1206 1051 1284 1131 (narn
1309 1053 1371 1112 Sat.
1399 1051 1484 1128 2,8,

329 1157 444 1219 6-10.
464 1173 540 1214 nunc
560 1172 618 1214 non
640 1149 722 1230 curo)
749 1151 891 1228 significat
910 1151 1011 1214 Poeta.
1042 1153 1147 1214 Restat
1167 1155 1255 1231 igitur
1267 1151 1294 1212 T
1295 1153 1418 1213 iburtiua
1435 1152 1486 1212 illa
1594 1174 1596 1178 ·

329 1257 448 1332 domus,
480 1273 566 1335 quam
596 1257 671 1314 fama
701 1254 865 1332 posteritati
897 1255 978 1333 larga
1003 1253 1123 1315 tradidit
1143 1271 1237 1316 mauu.
1279 1252 1320 1313 At
1343 1255 1408 1332 quis
1428 1261 1485 1331 est,

330 1359 378 1437 qui
409 1357 512 1418 imnum
542 1357 710 1436 gliscentem
741 1362 827 1435 atque
848 1373 922 1417 vana
951 1375 1038 1437 saepe
1067 1362 1097 1415 et
1117 1357 1243 1433 lugentia
1267 1355 1411 1416 dicentem
1431 1375 1485 1436 pro

328 1479 361 1519 re
382 1465 528 1539 comperta
548 1459 664 1518 babeat!
685 1457 798 1516 Etenim
818 1455 894 1519 illam
913 1461 1023 1538 ipsam,
1055 1476 1129 1537 quae
1156 1457 1243 1518 bodie
1264 1459 1302 1517 de
1323 1458 1410 1517 domo
1431 1457 1486 1516 Ti·

329 1561 441 1622 burtiuu
476 1562 593 1641 prodita
628 1559 766 1620 memoria
801 1565 862 1638 est,
897 1563 962 1640 jure
994 1561 1153 1638 meritoque
1187 1561 1218 1618 in
1251 1559 1368 1620 dubium
1402 1566 1488 1618 vocat

330 1657 482 1744 αὕτᾶπτης
510 1663 573 1720 Fsa
592 1661 617 1722 I.
649 1683 680 1742 p.
707 1660 813 1726 XLHI.
846 1665 892 1722 ed.
923 1661 1009 1722 nott.
1052 1659 1204 1742 Reliquum
1235 1663 1322 1740 igitur
1351 1664 1424 1738 erit,
1455 1669 1488 1720 nt

329 1767 399 1828 locis
431 1763 560 1826 omuibus
587 1761 705 1843 (quibus
726 1763 954 1825 duodevicesima
973 1783 1088 1843 quoque
1111 1765 1242 1844 Epistola
1261 1765 1323 1826 sine
1348 1765 1438 1825 dubio
1457 1783 1485 1823 a.

329 1869 443 1934 11734
468 1868 591 1946 scripta,
622 1865 652 1923 ln
677 1883 733 1944 qua
752 1865 889 1928 Horatius
916 1865 1005 1925 solius
1029 1864 1182 1943 Digentiae
1212 1869 1387 1930 mentionem
1407 1867 1487 1944 tacit,

328 1969 540 2032 annumeranda
569 1967 697 2046 videtur)
715 1961 770 2028 rite
790 1967 941 2048 perpensis
962 1967 1120 2046 credamus,
1146 1967 1297 2031 Horatium
1315 1969 1488 2048 posteriori·

329 2073 384 2134 bns
406 2073 521 2152 quidem
540 2072 614 2131 vitae
633 2071 714 2130 aunis
735 2069 827 2130 Tibur
845 2069 964 2130 alteruis
989 2071 1157 2148 incoluisse,
1179 2073 1231 2134 sed
1256 2073 1376 2151 ambigi,
1402 2073 1488 2132 illane

329 2177 431 2236 domus
450 2175 585 2235 mercede
605 2171 727 2252 quadum
745 2189 856 2249 annua,
879 2191 917 2232 an
935 2173 1136 2252 possessione,
1168 2193 1207 2235 an
1232 2174 1401 2236 liberalitate
1426 2173 1488 2234 Au·

329 2279 405 2356 gusti
425 2277 469 2336 vel
492 2276 683 2351 Maecenatis,
713 2275 791 2352 qnod
810 2273 877 2334 mibi
898 2275 1011 2352 quidem
1030 2276 1091 2336 reri
1112 2275 1202 2339 simile
1225 2277 1353 2354 ridetur,
1387 2279 1413 2338 ei
1435 2295 1490 2355 pa-

329 2377 425 2439 tuerit.
460 2377 545 2436 Gcnf.
567 2377 661 2456 Epist.
685 2377 715 2452 1,
736 2378 768 2439 7.
805 2375 887 2436 Idem
908 2377 983 2456 lere,
1005 2397 1165 2459 quanquam
1184 2399 1237 2442 suo
1262 2382 1384 2460 quisque
1400 2380 1488 2437 modo

330 2479 457 2540 sentiunt
481 2479 549 2539 Car.
571 2479 735 2536 Pcsoovino
754 2477 795 2538 N.
818 2478 903 2557 235,
928 2478 1160 2564 dtrodttnmrrusa
1179 2483 1209 2540 in
1225 2481 1329 2558 Progr.
1352 2477 1487 2538 scholast.

330 2578 629 2658 Fleudsburg1889.
651 2600 682 2660 [1.
703 2579 771 2640 xxi
794 2599 859 2660 sqq.
902 2579 1036 2660 („Probe
1058 2586 1137 2645 einer
1156 2602 1250 2643 neuen
1269 2582 1490 2658 Uebersemung

330 2686 383 2745 des
403 2683 517 2758 Hcraz,
540 2682 627 2742 nebat
653 2682 731 2742 einer
754 2681 991 2759 biographiscben
1016 2685 1115 2745 Scirue
1140 2685 1193 2744 des
1217 2683 1377 2745 Dichters“
1404 2679 1488 2761 cto),

330 2783 504 2844 Palem
526 2783 547 2842 l.
569 2783 589 2843 l.
614 2801 645 2864 p.
663 2781 705 2844 36
720 2802 765 2862 sq.
806 2783 842 2842 In
864 2781 917 2842 bac
943 2791 1037 2845 autem
1061 2805 1154 2846 rerum
1173 2787 1371 2848 incertitudine
1390 2785 1489 2847 nescio

330 2907 416 2966 sane,
441 2886 545 2966 quibus
570 2905 639 2946 nans
664 2886 840 2964 argumentis
873 2883 1124 2948 Walasemenn
1148 2887 1173 2946 Ι.
1204 2908 1236 2967 p.
1268 2887 1341 2954 380.
1373 2889 1489 2949 dixerit:

331 2991 441 3070 „Cette
465 2989 557 3049 eunte
581 2985 666 3067 [721]
691 2987 805 3048 Horace
826 2989 903 3049 avait
926 2990 986 3067 pris
1008 3009 1041 3048 ce
1066 2991 1153 3070 parti,
1180 2995 1210 3052 et
1236 2991 1256 3051 il
1281 2991 1376 3070 paruit
1389 3007 1492 3070 qnesa

330 3093 446 3152 somnne
471 3111 591 3168 acerne,
628 3091 685 3150 soit
708 3106 761 3169 par
785 3090 814 3149 la
837 3091 920 3170 place
944 3091 982 3150 de
1011 3091 1104 3154 scribe
1127 3093 1167 3152 dn
1188 3093 1286 3154 trdsor
1309 3093 1377 3170 quil
1404 3111 1492 3152 occu-

331 3195 393 3272 palt
413 3213 534 3269 encore,
561 3193 618 3252 soit
640 3209 693 3271 par
716 3191 759 3252 les
769 3192 914 3269 largesses
934 3193 972 3250 de
985 3193 1117 3271 blesens,
1141 3195 1198 3254 soit
1217 3191 1363 3273 pent-etro
1375 3211 1491 3272 parces

332 3295 409 3355 deux
430 3311 564 3370 moyens‚
590 3291 630 3349 lui
654 3293 730 3351 arsit
753 3296 861 3372 permis
885 3295 923 3352 de
953 3291 1059 3354 rebttir
1082 3295 1120 3354 ob
1143 3295 1326 3374 d'aggraudir
1349 3295 1378 3354 la
1400 3295 1492 3375 petite

334 3396 400 3456 villa
419 3392 493 3472 (Sat
510 3397 540 3469 2,
559 3393 591 3470 3,
609 3389 662 3471 10)
676 3391 741 3470 qn’il
759 3396 836 3456 aruit
855 3397 971 3473 acquise
985 3397 1003 3454 b
1017 3395 1119 3456 Tibur.
1140 3396 1214 3456 Ilne
1228 3395 1337 3456 semble
1350 3415 1403 3476 pes
1413 3397 1492 3458 avoir

334 3495 461 3578 paneae
475 3495 551 3553 alors
571 3513 604 3554 ce
617 3494 749 3555 domnine
763 3498 800 3556 de
813 3497 917 3557 Sabine
931 3497 1003 3556 daus
1025 3497 1052 3557 le
1071 3497 1166 3558 vallon
1188 3498 1225 3558 de
1245 3496 1397 3578 Digentia,
1419 3502 1495 3561 dont

334 3597 455 3660 Mesene
485 3597 525 3656 lui
560 3596 594 3654 tit
622 3595 681 3656 don
706 3599 724 3658 d
750 3619 806 3660 une
834 3600 946 3680 dpoque
972 3602 1160 3678 posterieure.
1218 3600 1241 3660 ΙΙ
1265 3601 1333 3662 n'eu
1355 3604 1408 3663 fait
1438 3619 1493 3680 pas

335 3700 473 3776 mention,
487 3703 517 3758 et
528 3717 561 3758 ce
571 3697 627 3758 lien
638 3697 687 3758 erit
701 3699 750 3760 ete
764 3707 830 3781 trop
845 3701 958 3778 eloigne
973 3719 1047 3780 pour
1060 3721 1116 3762 caue
1130 3701 1254 3764 absence
1267 3707 1345 3764 aussi
1359 3703 1493 3764 comta‘t

334 3801 414 3863 Idem
431 3800 467 3860 V.
488 3801 517 3862 d.
540 3799 689 3860 Horatium
709 3803 739 3863 in
758 3803 824 3879 villa
839 3801 991 3864 Tiburtina
1009 3801 1046 3882 (Ι.
1064 3823 1095 3883 p.
1111 3807 1202 3880 270.)
1224 3805 1399 3892 habitantem
1412 3805 1493 3880 tacit,

336 3921 424 3984 quum
444 3903 469 3960 is
485 3899 650 3981 Sepb'mium
666 3903 726 3964 Od.
742 3909 773 3982 2,
788 3908 831 3982 6.,
852 3905 930 3985 quod
945 3923 1059 3966 carmen
1073 3925 1101 3966 a.
1113 3927 1143 3967 u.
1154 3909 1219 3972 718
1234 3909 1373 3987 scriptum
1392 3907 1494 3986 opina-

335 4012 403 4080 tur,
428 4003 594 4064 invitaverit.
637 4001 678 4062 At
705 4004 805 4064 vellem
829 4005 879 4066 Vir
909 4007 1089 4067 doctissimus
1120 4010 1287 4087 Gemauis,
1315 4027 1388 4086 qnos
1419 4005 1495 4068 bene

336 4105 418 4169 norit
437 4102 534 4165 talium
558 4123 653 4164 rerum
678 4103 819 4184 arbitros,
848 4109 1017 4168 attentiores
1042 4127 1125 4169 aures
1148 4109 1339 4188 praebuisset.
1381 4109 1511 4170 Etenim.

337 4207 474 4274 Horatia!
503 4207 529 4264 ti
552 4205 614 4263 Sat·
631 4208 669 4280 2,
688 4207 721 4284 8,
748 4207 779 4270 6.
800 4209 850 4274 10.
873 4229 955 4270 suam
969 4209 1106 4270 intellexit
1125 4211 1228 4288 villam,
1253 4229 1360 4271 canon
1373 4209 1494 4270 {initalia

338 4328 374 4368 uc
387 4308 511 4384 Sabina,
536 4305 709 4367 Maecenatis
721 4307 891 4372 liberalitate
904 4311 959 4371 sibi
973 4312 1050 4370 data.
1072 4312 1159 4372 Coui.
1181 4313 1251 4376 Cur.
1269 4313 1397 4374 Finnkis'
1410 4311 1493 4372 Fast.

339 4403 442 4472 Horat.
457 4428 488 4487 p.
504 4409 555 4475 62.
574 4409 644 4473 116.
666 4405 700 4466 In
714 4406 771 4467 Od.
794 4413 826 4488 2,
846 4414 877 4474 6.
909 4413 977 4474 nabit
997 4413 1122 4472 invenes
1146 4415 1200 4477 nisi
1221 4416 1333 4476 laudem
1353 4415 1494 4492 quandam

342 4506 375 4570 et'
397 4511 580 4591 praeconiam
603 4508 739 4587 Tiburis,
773 4510 959 4593 querceta,
987 4520 1020 4575 ut
1044 4512 1100 4574 sibi
1129 4514 1280 4595 1111111111
1309 4517 1392 4578 liceat
1419 4520 1495 4579 sitae
