3372 5328
340 501 434 592 ,ιτα
476 503 685 564 corruatur.
700 501 741 562 ue
756 501 849 561 uon.
864 499 939 564 uro.
955 502 976 559 t.
997 499 1124 560 aaran.
1139 499 1275 570 ournr.
1294 495 1428 565 unctu.
1471 503 1514 565 ee

454 693 489 752 V.
512 693 561 756 26.
597 691 740 749 Maenius
761 699 795 746 ιιι
819 719 860 732 -
887 687 919 746 ln
941 688 993 746 hac
1015 687 1188 764 lepidissime
1212 687 1249 746 de
1276 688 1388 746 Maenio
1413 705 1513 746 mara·

368 793 492 854 tiuucula
510 793 646 852 Horatius
673 810 754 851 suam
774 790 900 865 sequitur
921 789 1154 848 cousuetudinem
1180 787 1238 864 (de
1262 806 1318 866 qua
1336 789 1403 848 ride
1424 789 1462 846 ad
1481 790 1512 862 6,

369 895 420 958 66.
442 915 470 972 p.
492 893 587 972 882),
616 899 698 953 acute
726 892 809 950 dietis
836 889 881 948 vel
907 891 968 947 aine
994 887 1051 948 ullo
1072 909 1159 970 saepe
1179 891 1380 970 panicularum
1401 889 1513 957 vinculo

306 1047 311 1066 „
368 995 535 1055 annectendi
556 995 697 1073 quandam
717 994 872 1052 historiam.
910 993 997 1061 Quod
1019 1011 1103 1069 quum
1127 1011 1185 1052 nou
1212 991 1412 1063 observassent
1436 1009 1514 1050 eom·

367 1095 463 1174 plures
483 1098 674 1176 interpretes,
700 1096 804 1154 misere
825 1095 855 1152 in
878 1093 949 1152 duas
969 1093 1126 1153 diviserunt
1145 1095 1217 1154 hane
1238 1091 1399 1173 Epistolan
1419 1111 1512 1156 uttan.

367 1198 588 1256 Narratiunoula
609 1203 704 1258 autem
723 1201 765 1256 ita
786 1202 950 1272 comparata
974 1201 1036 1270 est,
1066 1202 1097 1254 ut
1122 1195 1292 1256 senteutiam
1310 1217 1339 1256 v.
1363 1195 1511 1262 17-24.

366 1301 517 1359 indicatam
545 1300 674 1379 exemplo
704 1299 776 1358 illius
806 1295 911 1356 Maeuii
942 1305 971 1356 et
999 1296 1130 1376 explanet
1157 1303 1188 1356 et
1214 1296 1394 1376 comprobet.
1435 1297 1513 1356 Dieit

367 1403 452 1480 igitur
469 1404 568 1480 jocose
589 1398 691 1479 Poeta,
712 1419 767 1478 „se
788 1415 879 1474 aeque
900 1417 1016 1458 mensae
1038 1398 1141 1476 dapsili
1161 1403 1190 1456 et
1210 1397 1323 1477 liugali,
1341 1400 1384 1458 illi
1397 1399 1513 1478 quidam

367 1506 396 1563 iu
415 1523 509 1564 rerum
528 1505 665 1565 bonarum
685 1503 784 1580 copia,
811 1501 875 1560 huie
895 1502 926 1559 in
946 1503 1065 1578 penuria
1086 1508 1182 1579 aptum
1204 1521 1269 1562 esee
1290 1509 1377 1580 atque
1396 1519 1512 1560 necom-

366 1608 512 1666 modatum
530 1609 632 1682 etita,
652 1609 684 1664 ut
701 1605 777 1662 domi
792 1604 905 1663 Stoicus
924 1605 979 1678 sit,
1001 1603 1071 1660 soris
1088 1604 1245 1683 Epiorneua
1262 1602 1400 1664 eradat.“
1428 1595 1511 1665 Hune

367 1709 568 1766 sententiarum
589 1705 711 1767 ordinem
733 1711 832 1764 contra
851 1703 933 1762 aliter
962 1705 1117 1764 sentientes
1137 1713 1269 1764 accurate
1289 1705 1356 1764 olim
1377 1703 1511 1763 enodavit

367 1807 536 1868 Marcilius.
571 1807 616 1868 De
644 1809 784 1877 Maenio,
808 1805 910 1866 Lucilii
936 1806 1044 1882 aequdi
1072 1813 1101 1865 et
1125 1807 1274 1866 notissimo
1295 1808 1436 1866 bonorum
1457 1807 1510 1864 de-

366 1919 482 1972 coctore
505 1917 533 1970 et
555 1927 652 1970 scurra
677 1911 808 1969 dixerunt
831 1909 1006 1966 Scholiastae
1033 1910 1070 1966 ad
1094 1909 1158 1966 Sat.
1181 1911 1218 1983 1,
1236 1907 1273 1984 3,
1293 1911 1344 1974 21.
1375 1915 1405 1968 et
1432 1907 1509 1968 Wei-

367 2013 455 2074 clrert.
476 2012 558 2072 Poet.
578 2013 627 2076 tat
644 2011 738 2089 Reliq.
760 2031 790 2089 p.
812 2011 885 2075 321.
906 2009 993 2080 4213
1015 2011 1123 2086 dequo
1141 2025 1225 2087 quum
1247 2011 1292 2071 hie
1312 2011 1399 2072 addat
1421 2009 1508 2072 Aeroz

367 2113 517 2192 „Maenius
540 2115 584 2174 hic
606 2113 782 2172 Pantolabus
805 2113 897 2171 dictus
919 2119 965 2171 est
985 2111 1022 2169 ab
1043 2131 1096 2188 eo,
1117 2113 1194 2190 quod
1215 2114 1347 2192 quicquid
1368 2113 1511 2172 affereba-

366 2223 429 2290 tur,
451 2217 623 2293 aeciperet“
647 2221 716 2284 ete,
743 2233 801 2272 non
826 2215 927 2272 insede
954 2213 987 2272 0.
1010 2213 1162 2271 moneas
1187 2211 1287 2292 (Fert.
1309 2216 1380 2274 Hor.
1401 2235 1431 2295 p.
1452 2211 1510 2290 84)

366 2316 487 2374 eundem
508 2315 592 2375 etiam
613 2317 674 2375 Sat.
697 2317 734 2391 1,
756 2316 794 2390 8,
818 2316 868 2378 11.
890 2323 920 2374 et
941 2317 977 2392 2,
1001 2319 1034 2394 1,
1057 2318 1107 2378 22.
1135 2322 1264 2376 notatum
1284 2336 1351 2377 esse
1367 2317 1508 2396 opinatur.

365 2413 445 2474 Idem
465 2421 543 2475 reete
562 2417 641 2493 vidit,
662 2417 825 2474 Maenium
843 2415 955 2476 Horatii
975 2421 1070 2477 aetate
1089 2417 1193 2477 vixisse
1211 2423 1241 2478 et
1258 2420 1319 2497 ejus
1336 2435 1440 2478 nornen
1454 2437 1509 2496 pro

365 2515 466 2592 quovis
491 2515 604 2574 homine
628 2517 751 2595 prodigo
777 2521 908 2590 θιτιιιιῖς
931 2518 1056 2595 positum
1079 2519 1175 2577 videri.
1201 2553 1242 2566 -
1271 2519 1359 2580 reboo
1384 2531 1459 2579 πται.
1483 2531 1511 2578 et

362 2617 499 2694 paternis
517 2615 644 2674 Fortiter
663 2615 842 2695 absumptis.
862 2615 907 2676 tta
927 2617 991 2676 Juv.
1014 2620 1064 2694 11,
1082 2620 1133 2684 39,
1155 2639 1223 2678 aare
1238 2633 1367 2700 paterno
1386 2643 1425 2680 aa
1444 2623 1510 2681 Ra-

367 2717 423 2775 ὂιιι
445 2719 547 2774 meroia
567 2721 600 2775 in
621 2729 750 2776 ventrem
772 2719 837 2778 coll.
859 2721 891 2796 8,
916 2721 986 2782 185.
1013 2719 1042 2777 'l'
1043 2728 1133 2780 erent.
1156 2723 1230 2787 Eun.
1250 2727 1282 2800 2,
1304 2727 1333 2805 2,
1354 2724 1386 2788 4.
1409 2728 1510 2803 patris

366 2821 420 2896 qui
438 2817 638 2898 abligurierat
659 2819 746 2880 bona.
780 2819 848 2880 Sall.
870 2821 934 2880 cu.
962 2819 1018 2898 14,
1048 2825 1076 2886 2.
1109 2835 1210 2882 ventre
1236 2824 1315 2886 bona
1335 2829 1442 2906 ραιτία
1464 2827 1509 2886 Ια-

366 2931 526 2980 ιιιναναναι.
547 2917 666 2991 Quintil.
688 2921 757 2985 lust.
777 2926 810 3000 6,
831 2925 863 2998 3,
886 2921 937 2986 44.
966 2945 1059 3003 quaem
1080 2927 1198 2986 Brutus
1213 2939 1344 3007 patema
1366 2949 1509 2988 απαπιτι·

361 3035 451 3102 paret
467 3025 614 3102 pmedt'a,
637 3029 734 3104 turpia
757 3023 937 3097 habebatur,
959 3025 1022 3085 coti.
1043 3028 1075 3105 3,
1100 3032 1150 3106 11,
1175 3032 1224 3094 18.
1253 3030 1310 3090 lne„
1330 3018 1509 3092 bedonia

365 3127 404 3186 ll.
426 3125 502 3184 Tull.
522 3129 553 3202 7,
573 3127 624 3192 81.
645 3130 829 3207 putrianonio
850 3149 909 3186 ιιοπ
931 3149 1056 3199 eomeoo,
1076 3131 1131 3188 aed
1147 3131 1295 3202 devorato.
1320 3133 1403 3212 Apul.
1424 3132 1507 3212 Apol.

365 3249 393 3306 p·
416 3224 467 3288 74.
487 3227 639 3308 (Casanb.)
673 3251 746 3288 nom
763 3231 979 3309 patrimonium
1004 3251 1090 3289 omne
1112 3232 1300 3313 abligurivir.
1330 3233 1418 3294 Anat.
1439 3233 1506 3294 Lae

365 3327 397 3402 4,
419 3327 449 3386 9.
468 3327 522 3406 (Ν.
546 3331 636 3392 1151.
659 3333 704 3392 ed.
726 3331 849 3410 Meyer.)
886 3333 947 3409 Qtu'
967 3336 1086 3410 patrias
1106 3338 1288 3414 consumpsit
1308 3357 1377 3416 oper
1395 3338 1508 3396 venet-

365 3446 423 3507 que
439 3427 561 3492 dicavit.
583 3430 667 3490 Cous.
688 3433 778 3497 Zeun.
800 3435 838 3491 ad
855 3433 982 3492 Macrob.
1004 3437 1065 3494 Sat.
1088 3438 1119 3512 2,
1141 3437 1171 3498 9.
1193 3458 1222 3517 p.
1244 3439 1317 3503 381.
1343 3439 1441 3500 Alexin
1459 3459 1504 3519 ap.

365 3528 501 3588 Athenae.
519 3528 552 3604 4,
576 3533 624 3593 18.
643 3532 685 3612 (ρ.
707 3533 777 3596 165.
799 3533 882 3612 Ces.)
905 3532 1059 3618 Διόδωρος
1075 3537 1270 3620 οὑπίτριπτος
1286 3539 1320 3604 lv
1337 3539 1433 3608 ἔτεσιν
1450 3539 1507 3606 eto

363 3634 497 3710 σφαῖραν
518 3624 653 3707 ἀπέδειξε
673 3630 728 3712 τὴν
749 3629 891 3719 πατρῴαν
913 3629 1035 3700 ον’σίαν·
1064 3635 1143 3704 οὕτω
1167 3642 1282 3723 treptie
1302 3639 1421 3710 imno
1440 3669 1507 3708 m

365 3725 541 3814 εμασήσαιο.
571 3733 728 3796 Menander
749 3737 815 3796 ibid.
838 3735 869 3815 4,
893 3741 942 3804 18.
966 3739 1009 3822 (ρ.
1031 3745 1108 3824 166)
1134 3742 1185 3819 tt,
1205 3739 1268 3827 δῆτ’
1288 3744 1394 3828 ἐχρῆν,
1414 3745 1445 3809 el‘
1462 3769 1507 3821 τις

363 3831 504 3922 πατρῴαν
525 3833 708 3917 wandalicis
728 3843 787 3921 γῆν
807 3835 992 3924 καταφάγοι,
1015 3848 1100 3908 πλεῖν
1119 3849 1228 3912 τοῦτον
1248 3843 1310 3928 ἤδη
1332 3846 1383 3912 διαὶ
1404 3847 1506 3924 τέλους

363 3938 415 4002 καὶ
436 3939 507 4020 μηδ’
528 3937 696 4020 ἐπιβαίνειν
714 3945 779 4022 γῆς.
807 3943 1023 4006 tremendos
1042 3945 1110 4004 ibid.
1131 3941 1162 4022 4,
1185 3945 1235 4010 19.
1256 3949 1300 4029 (ρ.
1323 3951 1400 4030 166)
1418 3946 1507 4016 πότι-

363 4065 419 4124 ρον
439 4039 623 4126 ιιαταφαγιὸν
645 4039 701 4124 τήν
722 4039 861 4130 πατρῴαν
886 4041 993 4110 oriatur
1018 4043 1116 4126 ὥςπερ
1146 4043 1337 4127 Πολύευκτος
1356 4049 1374 4115 ὁ
1398 4047 1507 4130 καλός)

363 4154 418 4206 etc.
436 4143 562 4226 Alciphr.
584 4151 613 4222 1,
631 4149 682 4225 21,
702 4149 731 4210 3.
754 4145 783 4207 4.
804 4149 835 4223 3,
859 4150 909 4226 61,
934 4152 982 4216 12.
1004 4157 1033 4210 et
1050 4151 1082 4228 3,
1103 4149 1155 4228 65,
1176 4153 1226 4216 11.
1246 4155 1296 4220 12.
1316 4151 1394 4214 Nota
1413 4163 1506 4214 autem

362 4267 488 4308 summae
509 4249 690 4328 turpitudinis
711 4249 739 4308 in
762 4249 817 4308 illis
840 4251 975 4330 exemplis
999 4251 1074 4334 (Sat
1099 4256 1128 4331 l,
1154 4255 1183 4329 2,
1205 4258 1225 4317 7
1247 4277 1311 4336 sqq.
1336 4257 1366 4336 2,
1387 4257 1418 4333 3,
1442 4253 1504 4324 224

362 4365 426 4424 sqq.
448 4352 487 4425 7,
512 4349 573 4412 110
593 4349 652 4428 sq.)
680 4354 832 4432 conspicua
856 4353 966 4430 adjecto
992 4356 1079 4416 verbo
1102 4357 1227 4415 tbi-tiro
1255 4360 1291 4439 (i.
1318 4379 1344 4420 e.
1370 4361 1503 4438 impigre,

362 4453 477 4508 strenue
498 4448 555 4508 Od.
574 4452 605 4529 2,
627 4453 679 4532 16,
702 4453 765 4531 17.)
786 4454 922 4512 inrisum
944 4455 1115 4519 dissolvitur.
1136 4457 1181 4518 lta
1201 4460 1327 4520 lt'aabdua
1342 4461 1505 4542 inEnrepa

361 4563 408 4626 ap.
429 4547 566 4610 Athenae.
592 4553 649 4630 10,
671 4551 701 4616 4.
723 4574 752 4632 p.
773 4551 845 4616 417.
881 4558 967 4632 litiis
989 4563 1132 4623 Βοιατῶν
1152 4561 1258 4640 πόλιν,
1284 4555 1409 4647 ἀνδρῶν
1436 4558 1504 4650 dit-
