3458 5318
350 495 391 558 52
418 499 422 511 '
456 495 736 557 countENTnnu
757 495 801 556 IN
822 495 990 556 Honn'ru
1012 493 1088 554 LiB.
1113 495 1134 553 Ι.
1168 494 1290 556 EPiST.
1306 494 1397 556 DEC.
1470 497 1510 559 52

351 686 475 746 Pecunia
495 685 568 744 enim
588 683 671 742 nobis
693 685 816 760 serviat,
837 701 895 740 uon
916 684 1038 760 imperet
1059 689 1183 761 oportet.
1228 683 1309 742 Haec
1330 683 1381 741 tibi
1412 683 1514 762 scripsi

351 808 441 867 prope
472 787 565 846 villam
594 783 726 844 Sabinam
758 791 787 844 et
818 784 894 844 laeto
923 785 1036 858 animo,
1068 783 1123 843 nisi
1152 785 1229 861 quod
1249 792 1280 844 te
1300 783 1402 845 abesse
1424 803 1514 862 aegre

352 891 488 950 ferebam.

437 990 476 1050 At
507 989 588 1048 ratde
621 993 743 1064 erraret,
777 990 825 1066 qui
851 989 921 1046 baec
942 987 1035 1045 omnia
1054 984 1143 1044 solius
1165 986 1261 1046 Aristii
1283 1007 1367 1048 causa
1388 987 1442 1047 dici
1465 1007 1514 1047 ex-

271 1099 275 1108 '
353 1099 499 1155 istimaret.
541 1091 583 1150 Ut
603 1089 688 1147 fuerit
715 1089 826 1148 Fuscus
853 1091 927 1149 ritae
956 1087 1081 1146 urbanae
1109 1090 1267 1165 amantior,
1301 1097 1334 1150 ut
1358 1089 1443 1148 fuerit
1471 1089 1514 1148 vel

353 1198 491 1257 bonorum
512 1193 557 1252 vel
576 1192 736 1250 divitianuu
757 1177 958 1270 appetentior,
991 1190 1128 1249 Horatius
1157 1190 1193 1249 ab
1222 1210 1278 1250 uua
1303 1210 1392 1270 saepe
1415 1209 1448 1248 re
1470 1189 1513 1250 vei

350 1302 412 1376 jure
430 1296 483 1355 sibi
501 1313 638 1353 concessa
658 1292 703 1352 vel
721 1285 849 1352 simulate
872 1299 987 1372 sumpta
1007 1293 1044 1350 ad
1067 1292 1185 1353 aiteram
1209 1293 1392 1372 progreditur
1422 1291 1512 1352 libero

352 1419 386 1460 ac
407 1399 485 1458 tenui
507 1396 556 1456 tito
577 1413 630 1454 sua
649 1395 803 1454 subtexens
825 1396 960 1472 cogitata.
1003 1393 1131 1453 Diximus
1159 1397 1196 1454 de
1227 1395 1280 1454 hac
1305 1415 1337 1454 re
1364 1413 1453 1473 saepe
1484 1397 1514 1452 et

352 1501 501 1562 dicendum
521 1497 575 1558 erit
595 1499 728 1576 saepius,
761 1515 797 1554 ne
819 1514 891 1572 quae
915 1496 988 1552 ratio
1016 1502 1062 1554 est
1081 1495 1180 1556 benum
1205 1496 1399 1575 Epistularum
1427 1513 1514 1576 prava

352 1601 587 1680 interpretatione
609 1597 653 1655 vel
674 1597 886 1674 distorqueatur
914 1595 957 1652 vei
982 1594 1163 1655 obscuretur.
1207 1598 1391 1678 Quantopere
1418 1605 1514 1658 autem

351 1705 422 1764 Hor.
443 1719 588 1760 secessum
609 1707 639 1758 et
654 1700 869 1760 rusticationem
889 1699 1078 1774 adamaverit,
1112 1707 1172 1761 tum
1189 1719 1225 1759 ex
1251 1699 1305 1757 hoc
1334 1697 1413 1776 ioco,
1455 1709 1514 1760 tum

267 1813 269 1818 ’
352 1825 385 1865 ex
407 1805 468 1863 Sat.
492 1807 523 1878 2,
543 1803 573 1863 6.
594 1803 690 1882 Epod.
714 1805 744 1866 2.
767 1799 885 1878 aliisque
906 1803 977 1859 satis
995 1807 1133 1879 apparet,
1161 1817 1323 1878 quanquam
1348 1802 1446 1879 negari
1463 1821 1512 1862 ne·

352 1911 429 1990 quit,
451 1907 673 1985 descriptionem
690 1923 784 1962 serum
804 1903 973 1962 naturalium
992 1902 1029 1960 ab
1051 1903 1115 1981 ipso
1132 1903 1237 1960 sectam
1257 1902 1294 1962 ab
1309 1903 1416 1962 intimis
1433 1903 1514 1982 quasi

352 2011 483 2072 sensibus
504 2009 662 2088 profectam
680 2024 738 2063 uon
758 2007 862 2080 videri,
888 2024 943 2084 qua
965 2003 1079 2082 quidem
1100 2007 1130 2063 in
1146 2023 1177 2064 re
1196 2025 1255 2064 non
1275 2023 1347 2064 nnus
1366 2005 1513 2081 Horatius,

352 2117 405 2174 sed
426 2119 539 2172 veteres
558 2109 619 2168 fere
640 2107 796 2186 scriptores
823 2128 840 2167 a
868 2106 1045 2168 nostratibus
1072 2107 1244 2186 aliquantum
1272 2108 1432 2168 discedunt.
1471 2105 1513 2166 illi

352 2219 425 2276 enim
446 2235 504 2275 non
523 2213 554 2272 id
578 2209 765 2289 spectabant,
791 2219 823 2268 ut
844 2211 999 2287 legentium
1019 2208 1128 2266 animos
1148 2207 1264 2268 mirifice
1288 2213 1448 2288 moverent,
1469 2209 1514 2268 rel

352 2317 429 2376 omui
448 2315 623 2394 voluptatum
645 2332 751 2390 genere
769 2313 991 2392 perfunderent,
1022 2309 1067 2368 vel
1095 2308 1173 2370 molli
1194 2313 1317 2388 quodam
1338 2319 1416 2372 tactu
1436 2311 1514 2372 tusu-

351 2436 408 2496 que
428 2414 596 2492 titillarent,
623 2416 678 2474 sed
710 2421 742 2474 nt
764 2434 811 2474 res
831 2415 910 2491 ipsas
932 2417 1064 2473 accurate
1085 2411 1274 2472 describendo
1294 2413 1347 2474 sub
1367 2419 1514 2492 aspectum

350 2538 443 2599 paene
464 2517 645 2594 subjicerent
672 2517 804 2585 Quantus
825 2523 921 2574 autem
942 2521 1019 2594 apud
1040 2518 1105 2576 illos
1126 2519 1212 2576 riserit
1232 2536 1312 2576 amor
1331 2518 1406 2576 ritae
1426 2515 1514 2575 rusti-

351 2641 401 2682 cae
430 2627 460 2680 et
484 2619 575 2699 qualis
603 2621 663 2696 ejus
692 2616 897 2677 describendae
923 2619 1018 2695 ratio,
1050 2618 1177 2697 pluribus
1197 2619 1334 2680 illustravi
1361 2621 1391 2678 in
1413 2619 1457 2678 ed·
1481 2619 1511 2682 1.

348 2728 421 2803 p.7
449 2742 527 2800 sqq,
550 2721 651 2800 quibus
672 2721 745 2777 adde
772 2717 886 2780 Riedel.
907 2721 945 2778 ad
967 2719 1059 2800 Epist.
1089 2724 1128 2797 2,
1151 2724 1188 2798 1,
1212 2721 1283 2784 139.
1325 2720 1359 2780 0.
1384 2721 1512 2778 Paasov.

347 2825 389 2886 N.
411 2823 590 2890 ato-tao.
622 2819 747 2902 Teuffel.
768 2821 993 2882 Characteristik
1012 2826 1065 2884 des
1086 2823 1194 2882 floran
1212 2841 1241 2900 p.
1260 2821 1312 2884 59.
1335 2821 1452 2880 Mardi·
1473 2821 1513 2882 od

348 2927 423 2985 Stat.
453 2923 524 2984 silv.
554 2924 587 3002 4,
615 2923 646 2988 5.
675 2931 707 2982 et
738 2921 880 2985 Wrrsad.
900 2919 970 2986 ibid.
1000 2926 1047 3005 (P.
1069 2925 1105 2986 L.
1126 2925 1197 2984 ann.
1219 2923 1269 2984 111.
1293 2943 1322 3003 p.
1345 2923 1513 3003 tousqq.)

347 3027 457 3086 Burm.
484 3029 521 3086 ad
540 3024 654 3087 Lotieb.
674 3025 719 3084 Et.
740 3027 772 3100 2,
790 3024 822 3096 5,
845 3021 886 3086 47
906 3043 972 3104 sqq·
989 3043 1019 3105 p.
1041 3022 1112 3091 118.
1145 3023 1263 3107 Wagn.
1286 3033 1316 3086 et
1339 3025 1454 3104 Spohn.
1476 3026 1513 3086 od

346 3129 444 3209 virgil.
469 3130 596 3207 1.p.7.
620 3133 671 3193 21.
704 3124 893 3188 ruaudus.
915 3127 1087 3190 inSeebod.
1109 3129 1260 3207 ,9Arebiv“
1294 3127 1386 3190 1833.
1417 3127 1454 3186 Π.
1480 3129 1511 3190 3.

345 3251 375 3310 p.
398 3229 472 3295 329.
506 3229 627 3290 Ds'ssen.
653 3229 691 3285 de
709 3229 791 3303 poesi
820 3227 847 3284 T
848 3227 926 3286 ibuit.
950 3247 981 3307 p.
1005 3231 1137 3292 XXXIX.
1171 3231 1221 3290 Fr.
1245 3225 1363 3292 Ιαοοῠε.
1390 3227 1510 3307 „verm

346 3329 453 3389 Sohr.“
473 3329 496 3387 Ι.
521 3332 549 3391 1.
571 3347 602 3406 p
623 3327 674 3386 Vll
695 3347 739 3404 sq.
766 3327 864 3388 Waus
887 3327 1017 3390 Mitto:
1040 3332 1155 3410 „Rom
1184 3333 1292 3392 ltdmer
1308 3331 1366 3391 aad
1387 3333 1511 3394 Rb‘mer—

347 3433 468 3492 iunen.“
493 3429 517 3489 1.
541 3449 572 3508 p.
593 3429 664 3494 155.
697 3429 727 3487 Ι.
751 3431 791 3488 Α.
817 3428 976 3510 Sebaefsr:
1005 3429 1064 3492 Die
1089 3433 1184 3494 Briete
1211 3435 1263 3492 des
1286 3431 1396 3493 Piituius
1424 3435 1511 3495 riber-

346 3539 425 3592 setst
445 3539 501 3590 ete.
524 3551 555 3609 p.
578 3531 708 3590 xxxvl.
733 3549 778 3608 sq.
793 3537 823 3591 et
842 3551 916 3611 quos
934 3534 1145 3596 tandatlscob.
1164 3538 1225 3614 „de
1244 3551 1299 3596 run
1318 3553 1397 3596 m.
1414 3537 1512 3616 plnr.“

345 3655 374 3715 p·
397 3635 446 3700 18.
468 3631 550 3692 Haeo
572 3639 602 3694 et
623 3631 691 3692 tatia
711 3633 735 3692 si
763 3634 949 3696 observasset
972 3638 1138 3717 omna,
1162 3657 1295 3701 morosus
1324 3637 1372 3698 ibe
1400 3637 1512 3697 Horatii

343 3737 449 3815 jader,
470 3753 530 3794 non
549 3743 609 3795 tara
627 3737 721 3814 inique
742 3736 779 3795 de
799 3737 853 3797 boe
874 3745 962 3818 poeta
981 3741 1142 3818 judicasset
1157 3744 1200 3801 in:
1228 3739 1355 3818 „Kleine
1376 3739 1510 3815 Beitrige

344 3857 396 3897 sur
416 3834 531 3896 Erklir.
552 3855 581 3896 n.
602 3837 699 3897 Kritik
720 3839 773 3898 der
793 3839 902 3919 Idyiteu
922 3839 1110 3901 Theocrita.“
1151 3844 1249 3903 Brem.
1283 3841 1376 3908 183⁰.
1407 3859 1436 3920 p·
1457 3839 1510 3902 78.

344 3940 422 4021 apud
444 3937 584 4001 Sabello.
604 3943 634 4000 in
655 3940 900 4016 ‚‚Commestar.“
921 3949 976 4002 etc.
999 3961 1029 4021 p.
1052 3945 1092 4007 16
1111 3961 1176 4022 sqq.

426 4041 507 4114 Quid
524 4041 676 4102 Hmatium
696 4043 734 4102 ad
757 4042 830 4102 banc
845 4042 1005 4122 Epistotam
1026 4043 1207 4106 scribendam
1229 4043 1397 4123 compaterit
1417 4047 1512 4103 utrum

343 4144 473 4208 nouam
493 4146 652 4220 quaedam,
679 4161 737 4221 qus
764 4143 875 4204 moos
906 4161 987 4222 esum,
1014 4153 1048 4207 nt
1074 4162 1140 4208 rurs
1172 4147 1275 4209 relicto
1304 4143 1407 4206 arbem
1436 4148 1511 4204 inter

344 4251 451 4308 armeus
472 4245 592 4322 ettgaet
612 4247 729 4322 sedem
758 4249 864 4326 qnippe
885 4263 959 4326 quae
987 4248 1051 4310 sola
1072 4250 1215 4328 jucundae
1237 4251 1314 4310 ritae
1341 4253 1421 4310 esset
1444 4245 1509 4305 effl-

346 4349 423 4406 eiess
455 4351 486 4405 ot
514 4346 622 4406 adan
644 4347 682 4406 sd
703 4347 815 4407 divitias
836 4349 1016 4426 honoresque
1038 4354 1233 4430 patefaceret,
1260 4369 1299 4414 an
1326 4352 1402 4412 aliud
1427 4347 1509 4426 quid,

345 4449 410 4525 qais
428 4455 475 4506 est
493 4451 542 4526 spi
560 4468 613 4528 pro
645 4454 724 4506 oerto
751 4448 872 4510 babeat!
906 4449 1005 4528 lum,
1035 4469 1112 4531 qnae
1135 4453 1252 4530 quiden
1280 4453 1371 4512 tseifis
1396 4459 1443 4511 est
1470 4451 1508 4510 ad

347 4547 570 4626 conjiciendum,
598 4556 713 4630 praeter
731 4549 804 4610 sbos
826 4545 884 4612 sibi
907 4555 1083 4632 persuadent
1113 4551 1305 4615 ursum
1341 4555 1369 4612 in
1394 4553 1508 4614 holus.
