3490 5324
359 491 422 556 520
460 489 668 552 commotu.
684 489 727 550 lN
740 489 834 552 HOR.
847 489 921 550 LlB.
935 490 958 550 1.
988 489 1112 550 EPIST.
1129 487 1407 549 Uunevlcusiu.
1441 491 1499 552 172

359 666 400 722 iio
420 664 588 722 anctoritate
601 659 777 720 scholiastae
798 658 884 734 Crnq.
907 657 1016 732 innixa,
1035 676 1091 736 qne
1109 657 1244 718 Herelius
1262 660 1412 718 amicornm
1431 658 1503 715 reei-

360 764 515 824 tetionibus
541 769 571 822 et
597 761 718 820 eumer
744 765 773 820 et
790 760 910 833 judex,
943 759 1087 837 censort)
1113 759 1275 818 interfuisse
1301 756 1410 816 ‹licitur-
1458 751 1502 813 Ab

360 867 453 926 eltera
472 869 552 944 parte
573 863 627 922 loci
648 862 816 922 sententium
835 861 919 939 piene
944 861 963 918 ii
984 862 1147 933 immutent,
1174 860 1223 937 qui
1249 877 1311 918 oum
1330 858 1437 916 veriats
1456 855 1504 914 iile

361 988 388 1025 v.
410 967 488 1024 rdtor
508 964 693 1044 explicatione
710 961 876 1041 particulam
895 962 1054 1042 negativam
1068 961 1106 1019 ed
1124 967 1269 1038 unamque
1287 959 1505 1020 enuntiationem

361 1067 488 1127 reiernnt
514 1068 625 1125 nomine
652 1062 799 1122 nobilium
825 1068 874 1122 eut
900 1064 1015 1143 proprie
1039 1069 1089 1122 ent
1115 1064 1220 1122 ironice
1246 1069 1373 1140 aoeepto.
1422 1057 1505 1116 Hane

361 1170 521 1248 negationis
539 1170 612 1226 viem
630 1173 742 1245 prester
755 1166 827 1225 alim
839 1167 960 1242 ingressi
974 1174 1041 1225 sunt
1062 1162 1241 1235 Cbabotiru,
1258 1161 1397 1221 Lubsirus
1404 1201 1417 1231 ,
1435 1159 1505 1216 Da-

362 1273 478 1340 oerius,
497 1271 629 1340 Bastar,
657 1267 833 1344 Bentlejus,
857 1267 1057 1340 Sanudomw,
1078 1267 1275 1346 Doriglsello,
1299 1261 1506 1331 Welandsm,

363 1369 584 1450 Habsrssldus,
613 1370 742 1428 Bothum
762 1391 809 1452 ap.
827 1369 893 1446 Fe,
924 1370 952 1428 J.
971 1371 1016 1428 H.
1036 1373 1085 1431 M.
1107 1371 1282 1440 Εηιιείὶω,
1310 1365 1505 1443 mongum,

362 1474 570 1553 Dsiutseffl),
592 1472 641 1548 qni
661 1475 773 1550 quidem
795 1473 836 1532 sio
853 1470 988 1552 explieat:
1008 1473 1118 1548 „Nicht
1138 1473 1186 1532 bin
1206 1471 1250 1530 iub
1272 1473 1316 1531 ein
1338 1468 1506 1546 geduidiger

362 1577 491 1636 Zubbrer
509 1575 566 1632 und
580 1573 835 1650 Wiedervergelter
849 1593 964 1648 grosser
979 1573 1111 1651 Dichter,
1130 1575 1176 1634 die
1194 1574 1254 1632 sich
1267 1571 1445 1650 gegenseitig
1464 1567 1506 1626 ele

364 1686 439 1738 erate
459 1675 577 1736 Liehter
597 1677 649 1734 des
671 1677 836 1756 poetisehen
857 1672 993 1734 Himmels
1011 1677 1142 1754 preiseu3
1164 1675 1240 1734 nieht
1260 1674 1346 1734 soche
1366 1671 1410 1729 iob
1427 1669 1507 1729 ete.“

364 1781 403 1840 At
422 1779 446 1838 si
460 1785 542 1854 sunt,
560 1777 609 1855 qui
625 1777 762 1850 Bentlejo
783 1783 899 1836 auctore
916 1777 1064 1837 Horatium
1081 1797 1133 1838 sua
1151 1779 1258 1856 scripte
1277 1781 1394 1856 propter
1414 1793 1441 1831 v.
1456 1769 1507 1835 41.

364 1887 394 1941 et
412 1883 472 1940 Set.
493 1883 523 1959 1,
543 1877 575 1954 4,
591 1877 642 1941 73.
664 1880 800 1938 recitasse
821 1886 944 1956 negent,
966 1899 1016 1938 eos
1037 1881 1066 1937 in
1084 1898 1162 1938 suem
1179 1899 1238 1938 rem
1251 1895 1338 1956 prave
1351 1876 1414 1934 illos
1429 1875 1509 1933 locos

364 1984 519 2042 detorsisse
540 1981 676 2054 dixerim,
697 1980 763 2038 vide
781 1979 992 2058 Grouseudum
1011 1983 1048 2041 de
1068 1981 1121 2040 aec
1138 2001 1169 2040 re
1190 1981 1219 2038 in
1239 1978 1427 2056 „Zeitscbrili
1440 1976 1462 2036 i'.
1477 1976 1507 2033 d.

365 2080 597 2144 Altertlrumsw.“
627 2080 719 2144 1845.
751 2081 791 2142 N.
820 2083 892 2145 116.
926 2104 956 2163 p.
976 2085 1048 2148 926.
1075 2082 1216 2142 subtiliter
1242 2083 1441 2160 disputantem.
1469 2111 1506 2124 -

364 2187 397 2246 V.
414 2184 466 2250 40.
491 2184 714 2242 Grammaticus
733 2180 848 2242 ambire
866 2182 960 2243 tribus
981 2204 1016 2246 ex
1035 2183 1216 2244 similitudine
1231 2182 1267 2242 eb
1284 2181 1389 2242 ambitu
1410 2181 1509 2261 petite,

448 2403 767 2480 *)Interpremtionema
780 2409 898 2464 heudino
909 2411 1111 2481 praemunitum,
1129 2425 1182 2481 qun
1192 2407 1259 2467 Hor.
1271 2406 1427 2480 optimorum
1444 2407 1511 2460 seri-

366 2501 470 2566 ptornm
485 2500 575 2546 errata
585 2493 685 2548 notarit
695 2501 724 2546 et
734 2493 875 2564 castigarit
884 2497 1001 2566 nullique
1015 2513 1064 2567 per
1078 2495 1254 2550 adulationem
1263 2493 1430 2565 pepercerit,
1444 2489 1511 2548 Des·
1584 2563 1586 2571 .

365 2577 468 2652 prasus
480 2577 562 2647 magis
577 2577 609 2632 sd
624 2597 679 2632 rem
694 2578 790 2646 babet,
807 2579 876 2650 qnod
887 2597 947 2635 mox
959 2581 1087 2636 addatur:
1104 2599 1159 2634 ooo
1176 2581 1277 2636 ambire
1288 2580 1510 2651 pulpitodigoor.

366 2665 406 2718 De
426 2665 558 2717 annuntia
571 2663 690 2718 Mareiiii
707 2681 810 2735 quoque
831 2663 874 2718 bio
896 2665 1036 2733 „delinitio
1052 2666 1139 2720 critici
1152 2659 1211 2720 κατ’
1226 2660 1338 2717 ἔπαινον
1353 2672 1404 2717 est.
1429 2661 1512 2716 Criti-

368 2765 413 2802 cus
429 2749 527 2802 nobiles
541 2749 680 2818 scriptores
693 2749 769 2802 audit
789 2757 818 2803 et
834 2751 977 2804 ulciscitur.
1011 2753 1049 2805 Et
1066 2751 1170 2822 quidem
1184 2750 1321 2804 ulciscitur
1334 2747 1512 2802 multifariam.

370 2863 406 2874 -
422 2861 458 2873 -
471 2863 563 2876 —·-—
573 2834 691 2887 Peccant
703 2833 748 2904 qni
758 2837 870 2889 ultorem
881 2839 1047 2891 laudatorem
1060 2852 1203 2907 senepere;
1218 2833 1300 2903 megia
1311 2833 1355 2904 qni
1366 2852 1415 2905 pro
1425 2836 1514 2887 ultore

369 2927 484 2973 amorem
501 2933 659 2990 reposuerat
676 2918 785 2973 maxim
801 2921 846 2992 qui
862 2921 901 2973 sic
915 2920 1098 2992 interpretatis
1113 2919 1251 2975 Horatium
1265 2937 1352 2990 nsque
1365 2917 1512 2974 auditorem

367 3003 493 3058 nobilium
506 3006 665 3075 scriptorum
673 3005 842 3060 recitantium
855 3023 916 3061 esse
930 3007 1013 3074 veile,
1030 3023 1114 3078 neque
1128 3013 1217 3060 mutue
1229 3023 1277 3060 eos
1290 3021 1396 3060 snorum
1407 3019 1514 3075 poeme-

367 3099 422 3145 tum
440 3089 599 3144 recitatione
618 3090 719 3144 ulcissi.
752 3090 873 3146 Haecine
893 3098 923 3144 nt
942 3095 1103 3148 morenisns
1117 3091 1280 3147 Horatium
1299 3089 1400 3144 mantii
1434 3087 1514 3142 eitius

369 3190 437 3244 equa
449 3174 588 3228 flammis.“

434 3250 481 3328 *J
492 3259 670 3327 Duutsesusn,
685 3257 730 3329 qui
740 3259 933 3315 similitudinem
949 3263 1017 3332 apud
1030 3262 1112 3315 Orid.
1127 3261 1185 3314 im.
1200 3263 1226 3328 8,
1240 3263 1266 3326 2,
1283 3261 1308 3315 1.
1322 3257 1419 3327 sentit,
1436 3258 1512 3330 sequi

369 3343 489 3411 videtur,
504 3359 651 3415 quenquam
667 3353 742 3398 rente
756 3345 893 3410 distinxit,
912 3345 1100 3417 Ddieuburger
1114 3344 1154 3398 bis
1172 3345 1200 3398 in
1216 3343 1333 3399 editione
1350 3361 1398 3398 sue
1413 3343 1515 3397 additis

369 3427 474 3482 vorbis:
498 3430 585 3498 „Nem
600 3428 645 3500 qui
659 3428 758 3484 insulse
776 3431 901 3485 nobilium
916 3449 948 3484 se
963 3429 1074 3484 divitum
1088 3432 1219 3484 bominum
1231 3430 1345 3483 earmina
1358 3430 1450 3495 audit,
1467 3430 1516 3483 ds-

369 3515 431 3568 inde
442 3529 490 3567 sue
503 3531 554 3568 non
569 3515 674 3568 meliora
685 3514 797 3584 reeitnt,
809 3516 833 3570 is
846 3517 907 3570 illos
919 3517 995 3586 qnasi
1005 3515 1155 3580 ulciscitnr;
1171 3515 1246 3569 simui
1259 3517 1395 3585 igiturest
1408 3515 1515 3569 auditor

370 3607 399 3652 et
408 3598 507 3652 ultor.“
522 3607 575 3653 eto.
596 3597 682 3654 Aliter
691 3599 853 3672 Doeringieu
867 3609 896 3655 et
908 3599 967 3671 ipse
978 3609 1052 3656 reeta
1063 3601 1244 3669 distinguense
1260 3601 1340 3669 „Ego
1350 3600 1419 3654 bend
1430 3598 1517 3670 digni-

368 3682 434 3738 tatis
448 3700 522 3737 meae
540 3701 597 3738 esso
614 3689 694 3754 puto,
714 3685 854 3740 ambitiose
868 3695 961 3757 petere
975 3684 1353 3759 grammaticum—tribue
1367 3693 1396 3740 et
1410 3685 1517 3756 pulpito

317 3787 325 3798 ·
373 3799 409 3809 -
427 3797 462 3808 -
475 3809 483 3838 ,
498 3775 544 3841 nt,
563 3785 640 3839 quum
653 3769 770 3823 virorum
785 3770 909 3825 nobilium
928 3772 1029 3841 scripte
1050 3771 1212 3838 recitentur,
1234 3787 1284 3841 ego
1299 3771 1384 3824 adsim
1399 3778 1427 3824 et
1440 3769 1516 3824 endi·

370 3861 416 3909 tor
429 3861 458 3908 et
469 3857 556 3922 tueor,
571 3855 722 3924 (defensor,
734 3856 834 3925 judex,
849 3855 894 3926 qui
909 3857 1030 3927 injuriam
1046 3857 1198 3924 nieiseitnr,
1214 3861 1255 3922 et,
1276 3855 1347 3926 qnod
1361 3861 1463 3909 remum
1474 3863 1515 3908 ot-

371 3952 422 4010 que
430 3955 539 4010 aequum
550 3947 601 4008 est,
613 3939 741 4009 defendit,
753 3949 799 3994 eut
809 3940 879 4012 qnod
888 3941 915 3994 in
924 3943 1157 4013 reprehensionem
1167 3938 1287 4008 incurrit,
1299 3940 1515 4010 reprehendit“).

369 4026 516 4096 Disputant
528 4025 555 4079 in
572 4027 639 4079 huno
658 4025 716 4079 i'ere
731 4026 880 4095 negativum
894 4028 995 4081 modurn
1009 4027 1073 4080 lon.
1088 4027 1182 4081 Dousn
1194 4028 1221 4080 in
1238 4024 1380 4080 Snoeidan.
1394 4025 1517 4098 Append.

371 4129 396 4164 o.
412 4107 438 4165 5.
453 4110 523 4181 apud
537 4110 616 4180 Crnq.
635 4129 660 4179 p.
674 4113 750 4184 680„
767 4112 932 4166 Seleiroebius
946 4113 1035 4178 (Clev.
1051 4129 1078 4182 p.
1090 4113 1163 4180 382).
1197 4113 1238 4165 lie
1250 4109 1353 4166 ironico
1368 4121 1453 4166 autem
1466 4127 1516 4164 nsn

371 4212 399 4248 v.
411 4195 504 4250 nobilia
517 4195 571 4249 noli
585 4195 709 4250 dubitare
719 4196 779 4250 eoli.
793 4197 852 4249 Set.
861 4201 886 4262 2,
898 4197 924 4263 3,
936 4193 998 4254 aia.
1014 4198 1045 4250 i.
1058 4197 1088 4250 P.
1100 4195 1160 4253 259.
1183 4197 1253 4250 Hine
1263 4197 1426 4251 Ssnodonue
1438 4213 1517 4265 pree-

372 4287 453 4334 eonte
463 4281 589 4335 Desertor
606 4283 674 4335 e'est
683 4296 734 4352 qne
740 4283 770 4350 je
780 4297 819 4334 me
830 4281 920 4334 soucie
931 4299 983 4351 peu
993 4283 1149 4335 d'entendre
1158 4299 1205 4335 nos
1214 4284 1301 4336 bsaux
1312 4283 1410 4351 esprits
1420 4297 1461 4334 ne
1472 4283 1517 4334 rei-

373 4367 442 4420 oiter
453 4365 524 4419 leurs
535 4383 682 4435 nummos,
698 4365 770 4420 etde
782 4366 839 4420 leur
850 4364 900 4418 lire
912 4368 927 4418 i
938 4383 996 4420 mon
1006 4373 1068 4420 tour
1077 4367 1117 4420 les
1128 4369 1224 4434 miens,
1239 4383 1309 4437 pour
1319 4385 1359 4421 ins
1369 4383 1470 4434 renger
1480 4365 1516 4419 de

372 4451 470 4504 lenoni
479 4449 553 4520 qu'ils
564 4445 821 4506 m’enroisuteeost:
833 4453 901 4505 o'est
911 4467 963 4522 qno
970 4453 1000 4522 J'e
1008 4451 1137 4522 dedaigoe
1148 4453 1180 4507 do
1188 4453 1256 4506 inire
1266 4453 1387 4506 macons
1398 4453 1413 4503 i
1426 4467 1461 4504 nn
1472 4457 1516 4505 tas

375 4533 408 4588 de
419 4535 636 4607 (immunitione,
647 4537 701 4594 siin
712 4535 788 4608 qu’ils
799 4537 916 4592 donnent
926 4553 1013 4608 rogae
1024 4539 1104 4593 imos
1114 4539 1219 4611 potsies
1230 4538 1296 4592 dans
1306 4539 1376 4593 leurs
1387 4536 1518 4592 oluses.“
