3512 5324
327 487 390 552 240
432 485 1381 557 comafflNT.1Nfloa.Lra.1.aelsT.QU{Nr.uacur.
1426 493 1468 556 80

417 677 496 736 Haec
510 674 659 756 Epistolae
679 691 798 734 summa.
820 675 901 744 Quae
922 675 1037 753 quidem
1056 680 1137 735 tanto
1158 675 1242 734 animi
1263 677 1382 736 ridutis
1404 698 1471 738 cam

331 783 402 840 dore
421 780 570 858 proposita
591 784 654 852 est,
681 782 714 835 nt
735 775 838 834 nullam
865 778 927 836 sere
953 779 1061 836 sentias
1091 777 1203 856 oblique
1229 783 1393 856 tangentem
1413 781 1472 840 iro-

331 887 414 942 niam.
452 882 634 959 Quapropter
652 879 726 937 haud
745 879 804 936 scio
825 896 862 937 an
880 880 899 936 ii
919 880 948 938 in
963 897 1082 956 magnas
1102 899 1133 939 se
1149 878 1248 958 plagas
1266 879 1401 957 induant,
1423 881 1472 959 qni
1522 860 1526 870 ¹

331 993 362 1044 ut
383 984 588 1041 Bersmonnur
609 980 728 1041 Poetam
746 979 860 1057 oblique
881 981 909 1039 in
929 980 1057 1039 homines
1074 981 1138 1040 luxu
1152 982 1282 1060 perditos
1303 988 1333 1042 et
1352 982 1471 1062 opulen-

330 1088 434 1146 tiorum
456 1103 571 1144 mensas
595 1087 737 1143 sectantes
754 1081 848 1139 invehi
869 1087 918 1138 aut
941 1081 982 1140 uti
1003 1081 1176 1160 Rappoltuc
1200 1103 1264 1142 eum
1292 1086 1321 1143 iu
1346 1102 1471 1164 persona

330 1207 382 1246 sua
403 1187 477 1245 idem
497 1187 574 1263 quod
595 1185 624 1242 iu
641 1181 765 1262 Tigellio
786 1181 927 1260 quondam
946 1183 1161 1262 reprehenderit
1182 1187 1295 1261 vitium,
1316 1185 1469 1263 inaequali-

329 1295 469 1350 tetemet
490 1290 565 1346 vitae
585 1285 819 1360 inconstantiam,
848 1289 897 1342 aut
917 1290 948 1342 ut
969 1285 1014 1344 alii
1038 1289 1193 1363 generatim
1219 1287 1377 1364 aequalium
1390 1287 1470 1346 volu-

329 1391 454 1472 ptatibus
474 1391 634 1450 deditorum
651 1407 745 1447 mores
764 1390 793 1444 et
810 1385 950 1445 sentiendi
963 1389 1099 1448 rationem
1109 1391 1299 1467 perstringere
1311 1390 1470 1468 opinantur.

329 1496 401 1554 Sunt
419 1512 547 1572 quoque,
569 1492 618 1569 qui
636 1491 725 1566 magis
745 1507 804 1547 rem
824 1489 914 1566 ipsam
931 1495 1060 1568 tangant.
1100 1491 1164 1568 Sic,
1186 1497 1217 1550 ut
1232 1494 1272 1550 nit
1287 1491 1469 1569 samsima,
1547 1523 1551 1536 ‹

328 1597 465 1656 Horatius
493 1594 528 1653 ab
552 1593 675 1650 Antonio
703 1589 787 1650 Musa
808 1591 925 1648 edoctus
953 1599 1014 1667 cst,
1044 1591 1129 1668 Bajas
1156 1595 1269 1654 minime
1294 1597 1468 1654 necessarias

329 1718 394 1758 esse
413 1717 466 1756 uec
486 1696 522 1756 ad
543 1694 732 1754 valetudinem
758 1689 856 1766 utiles,
888 1710 975 1768 quare
1004 1693 1121 1752 Poetam
1142 1695 1252 1755 Veliam
1273 1703 1301 1756 et
1322 1697 1468 1757 Salernum

328 1799 471 1878 proficisci
491 1797 586 1876 ibique
611 1795 735 1854 hiemare
757 1793 833 1870 apud
858 1812 890 1850 se
918 1796 1109 1856 constituisse.
1151 1797 1223 1857 Rem
1250 1801 1340 1858 artius
1368 1799 1468 1877 premit

334 1900 486 1977 Cruquius
508 1906 537 1958 et
562 1901 702 1955 leronem
724 1895 760 1954 ad
781 1913 808 1952 v.
832 1896 861 1957 2.
883 1900 912 1951 et
935 1914 1013 1952 ouum
1035 1898 1170 1977 imprimis
1192 1899 1379 1977 Scholiastarp
1407 1908 1467 1960 tum

328 2002 392 2077 hic,
421 2007 481 2060 tum
502 1999 539 2058 ad
566 2001 628 2058 Sat.
656 2001 691 2078 1,
713 1997 751 2074 5,
768 1997 819 2058 30.
842 2003 974 2072 secutus,
1004 2018 1090 2076 quum
1113 2003 1263 2062 Horatium
1289 2021 1323 2060 ex
1352 2003 1468 2060 acrioris

328 2103 446 2182 pituitae
468 2102 581 2160 defluxu
604 2104 632 2160 iu
658 2101 757 2160 oculos
779 2099 961 2158 vehementer
981 2101 1113 2160 affectum
1133 2109 1178 2179 et,
1207 2110 1239 2162 ut
1259 2100 1377 2162 lavacris
1401 2104 1469 2162 cali-

327 2205 372 2263 dis
391 2203 429 2260 illi
451 2201 525 2262 malo
547 2203 725 2278 mederetur,
745 2201 829 2278 Rajas
846 2201 986 2279 proficisci
1009 2203 1120 2261 solitum
1136 2204 1213 2262 dicit.
1247 2202 1287 2263 ut
1306 2225 1391 2282 quum
1409 2202 1469 2263 An·
1561 2283 1564 2290 Ι

327 2305 423 2366 tonius
441 2303 523 2364 lllusa
542 2305 579 2362 ad
600 2306 788 2363 defluxionem
805 2303 1011 2363 retundendam
1026 2303 1194 2364 abluitiones
1210 2305 1325 2382 frigidas
1343 2306 1468 2366 utiliores

328 2429 393 2469 esse
417 2407 591 2466 declarasset
612 2408 695 2484 eique
719 2405 873 2481 suasisset,
904 2405 1035 2464 Clusinos
1056 2405 1151 2465 sontes
1171 2400 1219 2465 a'ut
1246 2407 1355 2466 Gabios
1376 2409 1466 2486 adire,

328 2531 400 2588 quos
423 2516 557 2587 expertus
586 2508 718 2568 fortassis
746 2507 883 2566 Horatius
911 2507 1039 2568 dolorem
1061 2527 1119 2566 non
1141 2509 1270 2585 mitigare
1296 2515 1345 2568 aut
1371 2510 1466 2586 ctiam,

327 2614 403 2692 quod
426 2611 573 2671 maritimis
599 2608 688 2684 magis
713 2607 827 2684 gavisus
851 2614 946 2686 esset,
976 2608 1054 2668 illum
1078 2609 1194 2668 Vaalae
1215 2609 1283 2687 (sic)
1305 2613 1467 2690 scripsisse,

326 2721 358 2776 ut
378 2717 440 2794 ejus
462 2713 550 2774 literis
570 2711 705 2790 imprimis
729 2711 801 2770 aeris
813 2710 903 2770 Velini
923 2717 952 2770 et
966 2710 1105 2770 Salernini
1124 2714 1288 2790 temperiem
1309 2731 1468 2790 cognosce-

327 2826 379 2878 ret.
427 2811 598 2895 Cbrcquio*)
619 2811 680 2870 lere
700 2813 891 2872 assentiuntur
910 2813 1109 2891 Despresr'us,
1134 2813 1293 2890 Ducarius,
1325 2813 1467 2874 Wrelan-

327 2920 396 2980 dius
416 2919 519 2997 aliique
538 2913 714 2994 complures,
736 2919 776 2975 ita
797 2921 828 2973 ut
842 2914 962 2974 Poetam
981 2915 1048 2993 post
1067 2913 1223 2978 lavationes
1240 2918 1328 2976 Clusii
1347 2919 1390 2978 vel
1407 2918 1468 2978 Ga-

325 3025 379 3082 biis
401 3020 592 3104 praescriptas
622 3018 659 3076 ad
678 3015 879 3076 absolvendam
908 3018 1080 3076 curationem
1101 3017 1146 3076 vel
1167 3017 1287 3097 Veliam,
1303 3022 1349 3080 vel
1372 3021 1467 3082 Saler-

325 3145 391 3185 num
413 3127 456 3182 ire
476 3123 584 3198 jussum
606 3137 671 3180 esse
692 3126 741 3178 aut
758 3120 844 3178 tacite
865 3128 991 3193 sumant,
1010 3125 1060 3178 aut
1081 3121 1151 3197 ipsis
1169 3123 1264 3182 verbis
1286 3125 1389 3184 dicant.
1429 3123 1468 3182 At

325 3235 476 3304 utrumque
503 3241 556 3303 pro
580 3225 726 3300 comperto
752 3239 809 3280 non
837 3219 947 3298 babeo,
979 3223 997 3280 i.
1024 3242 1050 3280 e.
1081 3221 1195 3282 Horatii
1222 3223 1416 3303 lippitudinem
1437 3232 1467 3285 et

325 3347 407 3386 usum
428 3325 593 3401 frigidarum
614 3323 792 3382 Clusiuarum
811 3323 856 3382 vel
876 3323 1059 3382 Gabinorum.
1109 3321 1233 3386 Primum
1253 3327 1387 3390 Horatius
1413 3328 1467 3386 bac

325 3431 441 3509 quidem
465 3433 559 3486 aetate
581 3424 656 3484 bona
676 3425 835 3484 valetudiue
855 3423 963 3502 (Epist.
980 3427 1010 3502 l,
1028 3427 1059 3500 7,
1077 3422 1108 3486 4.
1130 3425 1193 3484 coll.
1210 3429 1240 3504 8,
1262 3429 1305 3508 3.)
1324 3451 1383 3490 non
1403 3436 1467 3488 ute-

325 3531 423 3606 batur,
448 3533 622 3606 quapropter
649 3527 737 3584 solam
757 3525 951 3604 lippitudinem
969 3525 1086 3603 intelligi
1107 3547 1165 3586 non
1185 3549 1256 3608 opus
1279 3537 1337 3602 eat;
1364 3531 1467 3590 deinde

325 3636 356 3693 in
376 3631 513 3692 alterutro
534 3630 654 3688 istorum
672 3628 841 3706 oppidorum
855 3629 1004 3688 Horatium
1017 3629 1164 3690 etiamtum
1180 3631 1273 3690 media
1285 3631 1375 3691 hieme
1388 3651 1466 3692 com-

324 3741 464 3796 moratum
485 3752 550 3792 esse
570 3749 653 3790 nemo
666 3727 729 3810 **),
750 3733 798 3809 qru'
818 3731 866 3790 illa
885 3731 991 3812 oppida
1009 3751 1037 3790 v.
1059 3733 1088 3793 9.
1112 3732 1231 3811 exempli
1250 3739 1359 3792 tantum
1380 3751 1466 3796 cansa

409 3952 440 4024 *)
455 3955 497 4008 De
511 3957 644 4010 saumatis
660 3948 710 4010 Ge.
725 3955 842 4011 fabricii
855 3957 985 4012 Horatius
1000 3957 1080 4025 dicit,
1097 3975 1127 4012 aa
1142 3972 1195 4010 uon
1207 3965 1261 4010 tarn
1274 3957 1369 4012 audire
1382 3959 1465 4014 medi-

325 4057 397 4110 cmn,
418 4057 495 4114 qnam
506 4039 607 4096 imitari
622 4040 771 4108 Maenium,
792 4043 960 4098 ductatore·
977 4051 1064 4098 mente
1080 4041 1206 4112 Epistola
1225 4043 1260 4098 ad
1279 4045 1464 4114 gratulandam

324 4127 441 4182 Antonio
455 4126 549 4181 Musae
564 4128 733 4198 scriptaeat.

394 4207 442 4282 **)
463 4213 496 4266 Iu
518 4214 616 4276 eadem¹
630 4209 764 4266 sententia
785 4216 846 4264 snut
873 4211 1014 4282 Terffclius
1033 4213 1061 4266 iu
1080 4213 1234 4282 ‚,nom.“
1258 4209 1338 4268 184³.
1357 4233 1385 4284 p.
1407 4214 1461 4281 13,

328 4296 544 4353 Wolclrcuoerius
557 4297 593 4352 Π.
608 4316 636 4368 p.
653 4299 695 4352 16.
717 4295 854 4365 „Calui-ci
869 4297 946 4366 (Ant.
961 4295 1054 4366 Musa)
1075 4315 1225 4370 commenqa
1239 4299 1349 4353 d'abord
1363 4317 1413 4368 par
1425 4298 1462 4350 lui

326 4383 393 4436 faire
414 4383 544 4453 prendre,
562 4381 698 4436 camillen
713 4381 746 4435 de
760 4381 872 4450 l¹hiver,
896 4381 944 4435 des
959 4383 1075 4437 doucbes
1091 4383 1168 4438 d’aan
1186 4384 1274 4440 froide
1289 4401 1340 4439 aux
1353 4399 1462 4438 sources

325 4468 464 4522 rulntralos
479 4468 513 4522 ds
528 4467 644 4523 aurium
659 4462 796 4541 (tibiaci),
818 4483 851 4520 eu
866 4468 992 4536 Etruria,
1015 4475 1045 4522 st
1057 4468 1089 4522 de
1106 4470 1185 4523 (lotii
1197 4471 1231 4524 ds
1250 4471 1276 4524 la
1294 4469 1406 4537 Sabino,
1428 4471 1463 4522 ori

327 4559 370 4606 est
384 4553 468 4611 runs
480 4553 606 4608 moderno
621 4552 760 4622 [Piarlnigi
771 4553 878 4608 Galetti
892 4553 1020 4625 nomo,
1040 4555 1123 4610 (lubio
1139 4557 1229 4614 ontio·
1242 4556 1306 4612 aitte
1321 4555 1349 4610 di
1361 4554 1465 4610 suno
1500 4567 1505 4610 t
