3426 5334
213 531 274 598 157
308 527 678 592 comminuor.
698 518 772 586 LlB.
788 528 810 587 Ι.
840 525 1259 590 nrisT.rJNDnv1cnslu.
1295 521 1358 587 ⁵05

209 699 321 760 dicendi
339 704 429 760 artem
443 717 501 760 non
522 699 636 776 errequi
652 702 787 775 potuerat
799 696 1002 761 remulrndo.“
1032 698 1234 758 Praecesserat
1249 697 1359 754 Janinr

209 799 252 880 (p.
274 801 367 878 233)r
398 801 558 878 „Hyarbitr
588 799 690 860 wihlte
716 817 779 858 nunu
807 798 1123 877 Gegemnndegnue
1149 801 1205 860 deu
1229 798 1358 876 einzigen

208 903 313 964 Fehler
334 905 386 962 der
406 903 434 962 T
435 905 535 980 imag„
563 899 683 960 uimlielr
705 901 783 960 selue
811 905 900 960 etwas
921 919 956 958 ru
984 899 1059 961 laute
1078 901 1223 980 Spraelre,
1253 899 1358 958 welche

208 1005 314 1084 Hyrrb.
339 1005 414 1064 noelr
435 1025 467 1062 ro
490 1003 556 1062 rehr
577 1001 736 1077 iibertrieb,
767 1003 835 1060 dare
855 1019 888 1060 er
907 1000 966 1060 rich
988 1000 1181 1070 iiberrelrrie,“
1217 1000 1357 1076 Ambigue

214 1109 400 1168 Guumonn:
424 1103 558 1184 „Nieder
576 1106 614 1162 iu
629 1102 863 1180 erngengefeeht
881 1105 929 1162 nit
944 1103 1116 1180 Timagenes
1138 1107 1213 1182 ringt
1230 1103 1282 1162 der
1295 1103 1359 1162 Jer-

208 1210 252 1268 bit
272 1211 346 1286 rich,
374 1209 418 1268 lia
440 1225 471 1264 er
491 1207 541 1264 mit
564 1205 638 1263 liert
658 1205 717 1262 rich
744 1204 875 1280 berniiht,
906 1205 953 1264 fuir
972 1205 1072 1266 benedt
1094 1208 1149 1266 und
1175 1205 1300 1284 gebildet
1321 1225 1358 1264 nu

208 1313 337 1390 gelten.“
369 1309 508 1370 Diintrer
527 1325 685 1384 quenquam
700 1305 862 1384 pulmonum
876 1307 1064 1386 diruptionem
1080 1307 1160 1368 videt
1174 1308 1358 1386 descriptam,

158 1395 163 1402 ⁴
208 1421 301 1474 temen
332 1409 540 1491 hyperbolicam
569 1407 643 1466 illurn
674 1407 908 1485 significationem
936 1428 993 1468 nou
1021 1428 1139 1486 prorsus
1165 1410 1306 1488 vituperet
1316 1409 1357 1484 *).

208 1515 254 1575 De
277 1516 458 1592 ermagoro,
486 1509 601 1569 rhetore
623 1508 828 1585 Alexandrino,
858 1512 921 1586 qui,
950 1517 1101 1589 postquam
1123 1512 1214 1590 gretia
1237 1509 1358 1588 dugnrti

208 1618 328 1692 excidit,
357 1615 386 1674 in
404 1613 494 1674 drinii
508 1609 642 1670 Pollionir
664 1611 812 1670 amicitiam
832 1618 966 1690 aceeptur
984 1619 1071 1690 atque
1090 1615 1119 1670 iu
1139 1614 1266 1690 ejusdem
1286 1631 1356 1688 agro

207 1716 235 1776 T
237 1716 373 1776 ureulnno
400 1723 529 1774 mortuns
556 1718 618 1788 ert,
651 1711 715 1770 ride
747 1713 913 1772 Weiolrerti
941 1717 1203 1776 commentationem
1233 1713 1253 1772 l.
1283 1711 1302 1772 l.
1327 1731 1357 1789 p.

207 1817 272 1880 393
292 1849 330 1860 -·
353 1815 445 1891 396„
474 1833 593 1892 quaerum
615 1813 690 1872 conl.
716 1812 847 1874 Gurtuvr'
870 1815 1013 1874 Soluendi
1032 1817 1145 1894 Disput.
1166 1817 1202 1876 de
1219 1816 1309 1874 Livio
1330 1824 1358 1870 et

215 1920 395 1998 Timagene,
422 1915 614 1974 Irr'atorr'arurn
635 1913 847 1991 rrrrptorr'bur,
868 1918 1004 1982 aemulr'e.
1032 1919 1140 1994 stuttg.
1164 1915 1254 1982 1884.
1284 1917 1355 1976 Iar·

208 2017 289 2078 bitae
309 2025 403 2078 autem
425 2018 445 2076 i.
460 2037 486 2076 e.
510 2017 609 2075 Mauro
630 2017 666 2076 ab
684 2017 788 2094 larbr,
809 2018 994 2079 Mauritaniae
1013 2039 1096 2096 rege,
1115 2021 1157 2078 rie
1175 2019 1356 2080 denominato

206 2139 303 2180 rerum
330 2137 433 2178 nomeu
463 2118 625 2179 auctoribus
653 2118 848 2197 Porphyrioue
875 2121 904 2178 iu
930 2123 995 2181 eod.
1029 2121 1082 2184 Clu.
1109 2122 1184 2200 apud
1210 2120 1300 2180 Feam
1327 2125 1357 2180 et

207 2221 323 2282 duetrr.
349 2221 538 2280 commentae
560 2227 617 2280 vet.
636 2222 713 2300 apud
735 2221 823 2299 Cruq.
840 2243 870 2300 p·
891 2223 964 2285 694.
997 2223 1111 2284 Cordus
1135 2222 1194 2297 vel,
1221 2231 1253 2280 ut
1273 2222 1356 2298 inge-

205 2327 288 2384 niore
307 2325 427 2402 coniecit
451 2321 663 2395 Weielrertur‚
695 2323 829 2394 Codrur,
851 2325 921 2397 suit,
946 2326 984 2386 de
1002 2345 1059 2403 quo
1087 2333 1186 2405 utpote
1207 2323 1355 2382 uotirrinro

206 2433 293 2505 poeta
313 2425 447 2506 Virgilius
468 2425 497 2484 in
520 2425 583 2488 Ed.
604 2428 636 2502 7,
660 2427 730 2492 26.:
758 2426 876 2484 invidia
897 2437 1078 2504 rumpantur
1105 2436 1140 2484 ut
1164 2425 1220 2482 itia
1246 2425 1355 2494 Codro,

207 2530 254 2588 nbi
282 2530 357 2589 conf.
385 2523 535 2606 Fbrbr‘grr.
561 2533 590 2588 et
610 2527 648 2586 ed
666 2527 696 2602 ὁ,
716 2531 766 2592 11.
794 2529 890 2588 Sehol.
913 2528 950 2589 ad
974 2528 1039 2592 Juv.
1062 2535 1091 2603 1,
1112 2532 1142 2594 2.
1164 2547 1194 2605 p·
1216 2527 1288 2592 329.
1309 2525 1355 2584 ed.

206 2630 306 2692 Heinr.
328 2638 357 2692 et
377 2629 521 2690 Schmidt
540 2631 578 2689 rd
597 2629 661 2696 Juv.
684 2649 714 2710 p.
738 2631 808 2694 158.
852 2631 935 2692 Hune
954 2632 1123 2692 uertentium
1149 2629 1282 2688 antzer
1301 2627 1353 2686 ΙΙΙ.

205 2777 409 2790 hon—*Annum*

289 2871 321 2938 ¹⁸)
342 2869 435 2923 iliram
457 2881 544 2926 autern
565 2889 618 2927 rann
641 2873 806 2942 excogitavit
827 2876 876 2927 Ge.
895 2873 1046 2941 Fabricius,
1066 2888 1143 2942 qunnr
1163 2869 1246 2924 reribi
1264 2869 1354 2922 ruallet

205 2954 369 3023 „laridum
386 2957 419 3010 ab
435 2957 517 3011 Jarbr
533 2973 611 3027 rege,
626 2959 644 3010 i.
663 2976 687 3010 a.
702 2959 829 3012 honinem
843 2957 1033 3023 mauritanum,
1048 2958 1093 3025 qui
1110 2957 1257 3025 sumptibus
1272 2953 1354 3023 largi-

204 3041 374 3110 tioniburque
388 3043 533 3098 aemulatur
546 3044 583 3096 rit
593 3043 775 3111 Timagoran,
791 3054 822 3097 nt
835 3045 892 3112 ajin
906 3041 992 3096 oratio
1004 3043 1139 3112 plrooret:
1152 3041 1201 3094 eod
1214 3041 1353 3096 denotant

205 3135 234 3178 et
244 3124 423 3195 arrogantiam
437 3127 535 3182 inuitari
550 3128 684 3198 potnirrer
699 3135 728 3180 nt
742 3129 857 3184 urbanur
872 3135 919 3181 ant
932 3126 1049 3181 dieantur
1064 3133 1152 3192 erret,
1166 3142 1217 3178 uon
1234 3125 1353 3196 potnirre

205 3211 314 3264 allicere
327 3215 399 3264 oto.“
420 3213 496 3266 rlinrn
511 3213 652 3280 uereor,
668 3213 712 3284 qui
726 3231 788 3267 auae
808 3211 1035 3282 interpretationi:
1060 3211 1227 3282 „Hyarbitar
1244 3211 1354 3264 roulant

204 3314 299 3366 peraer
314 3312 382 3365 pour
396 3295 496 3352 hornnre
510 3299 634 3368 eloquent
648 3309 676 3352 et
689 3316 756 3368 pour
770 3299 805 3352 fin
821 3297 943 3366 rrilleur‚
962 3289 1092 3350 r'attaeiua
1108 3299 1254 3366 jueternent
1267 3297 1282 3347 ir
1295 3293 1354 3348 inri-

203 3391 248 3435 ter
262 3381 300 3434 ler
317 3380 446 3435 raillerier
461 3383 601 3454 piquan'ter
615 3384 648 3436 da
662 3383 825 3453 Timagene,
841 3383 930 3436 etmel
946 3382 982 3435 lui
996 3400 1027 3436 en
1043 3382 1118 3451 prit“
1135 3381 1194 3434 coll.
1207 3381 1304 3434 Senen.
1319 3381 1353 3433 de

204 3467 241 3520 ir.
256 3467 283 3534 3,
299 3465 343 3524 2³.
359 3475 387 3520 et
406 3468 540 3523 Plnurolr.
556 3467 589 3522 de
603 3468 680 3522 Adnl.
694 3481 722 3522 et
741 3471 822 3523 Aurio.
839 3469 955 3528 direriru,
972 3468 1019 3519 Vl·
1034 3483 1059 3537 p.
1079 3465 1139 3522 250.
1162 3463 1353 3520 oornruentandl

205 3567 283 3606 onnra
299 3549 365 3606 haee
379 3551 467 3606 addite
490 3555 616 3622 „Horror
634 3564 700 3608 vent
714 3554 781 3610 done
797 3555 855 3610 dire
877 3551 921 3624 qn’
935 3552 1080 3620 ilynrbitar
1094 3570 1123 3606 re
1138 3550 1228 3620 perdit
1239 3569 1272 3606 en
1286 3569 1353 3606 von·

204 3639 262 3692 lent
276 3637 364 3691 imiter
378 3639 524 3708 Timagene
542 3656 591 3710 par
605 3635 729 3694 l’endroit
745 3641 789 3710 qni
804 3639 873 3694 etoit
889 3642 913 3692 le
924 3639 1007 3692 noina
1019 3637 1138 3692 imitable
1152 3655 1184 3690 eu
1200 3637 1251 3702 lui3
1268 3638 1354 3707 etqui

204 3723 279 3778 aroit
292 3727 371 3778 onard
385 3741 416 3777 ra
432 3735 518 3795 perte.
553 3724 594 3777 En
613 3741 646 3777 nn
662 3733 716 3779 runt
729 3724 876 3792 liparbitar
890 3723 988 3778 innituit
1000 3739 1031 3776 ee
1046 3740 1097 3794 que
1116 3723 1262 3792 Timagene
1278 3723 1354 3775 auoit

204 3810 385 3878 damnande,
402 3820 431 3864 et
444 3827 495 3864 non
511 3827 558 3880 par
574 3827 605 3862 ea
619 3811 681 3879 qu'il
701 3811 775 3864 aroit
788 3812 822 3864 de
837 3811 897 3865 bon.
927 3807 1000 3864 C’ert
1014 3809 1040 3861 le
1062 3827 1123 3862 rene
1139 3809 1171 3864 de
1190 3825 1222 3862 ce
1239 3821 1352 3878 parrega

204 3896 282 3965 qn'nn
294 3888 395 3950 n'rroit
405 3897 483 3966 point
493 3898 555 3950 bien
566 3895 720 3966 explique.“
735 3896 876 3952 Daorrr'nrr
885 3893 996 3950 Druna
1007 3891 1082 3964 requi
1093 3893 1213 3949 videtur:
1229 3895 1289 3960 „An
1299 3891 1351 3946 lien

204 3979 323 4047 d’tgrler
336 3979 484 4050 Timrgene
505 3984 559 4035 Prr
572 3997 620 4034 ron
639 3983 743 4049 ravair,
767 3997 816 4051 par
830 3997 878 4036 ron
898 3979 998 4044 taient,
1019 3980 1090 4034 Ponr
1104 3979 1227 4050 aequerir
1243 3993 1291 4030 ron
1308 3993 1352 4032 en-

201 4062 321 4134 jorirnent
330 4065 437 4120 Certain
448 4075 493 4122 rot
508 4068 565 4137 prit
578 4066 612 4120 de
623 4065 648 4120 le
662 4066 755 4136 paine,
771 4067 809 4120 Et
819 4083 848 4120 re
861 4063 951 4136 perdit
966 4082 998 4120 en
1012 4063 1163 4118 l'inritant.“
1191 4063 1232 4118 ΑΙ)
1246 4061 1287 4116 hir
1302 4080 1352 4132 po·

204 4149 344 4219 puleribur
358 4151 498 4206 diocedunt
511 4151 666 4221 scripturam
679 4153 784 4206 nennio
797 4169 879 4206 nonno
893 4149 1007 4221 amplexi
1019 4151 1180 4204 donadeum
1190 4157 1219 4200 et
1231 4147 1352 4200 Wololre·

204 4234 297 4288 nnrr'ur
310 4235 361 4300 (ll.
377 4252 404 4304 p.
416 4236 489 4302 356),
506 4253 613 4306 qnorum
627 4237 689 4290 iller
706 4239 772 4304 „On
789 4237 831 4290 dit
845 4237 924 4305 qn'un
938 4232 1040 4290 certain
1053 4235 1145 4288 llanre
1164 4249 1243 4286 erere
1256 4248 1291 4285 en
1303 4231 1351 4284 rni-

205 4319 259 4372 lien
269 4319 329 4372 d'un
345 4319 439 4388 sertin,
459 4339 509 4391 per
524 4338 574 4375 une
595 4329 654 4375 rote
670 4322 811 4376 emulation
832 4321 947 4374 dimitat
965 4321 991 4374 la
1005 4321 1143 4376 mordente
1159 4319 1302 4386 dloannoe
1316 4317 1351 4370 de

204 4405 382 4475 Timagenes⁴
396 4421 504 4476 qnorum
520 4407 574 4458 hier
589 4407 714 4472 „Codrus
726 4407 834 4460 roulant
846 4422 881 4459 un
894 4407 971 4474 jour,
987 4406 1125 4476 dronper,
1139 4413 1170 4458 et
1183 4405 1261 4473 apter
1275 4401 1351 4456 avoir·

204 4489 331 4558 hiarba,
354 4489 443 4546 imiter
458 4491 484 4546 la
500 4491 673 4546 deolanrtion
693 4493 727 4546 de
742 4492 919 4561 Timagener‚
939 4507 969 4546 re
985 4490 1084 4561 rornpit
1100 4507 1135 4544 un
1149 4489 1272 4544 vairrean
1284 4487 1350 4542 danr

204 4577 229 4630 la
242 4575 375 4646 punine,
390 4585 419 4630 et
429 4583 534 4632 mourut
546 4577 735 4632 rubiternent.“
765 4577 821 4630 Sed
836 4575 951 4646 repluti
966 4576 1022 4630 rati
