3380 5324
626 1637 1187 1756 coMofflNt'nltll

883 1883 924 1942 IN

332 2076 506 2147 HORA'I'.
528 2074 611 2146 utu.
633 2075 660 2142 Ι.
701 2071 967 2142 uulsuouulu
988 2068 1228 2140 struuntur
1251 2063 1476 2138 fluctuum,

790 2339 1001 2349 ——---

333 2531 397 2620 Uti
418 2561 484 2618 olim
506 2563 625 2620 florente
642 2559 785 2638 republica
805 2559 1003 2616 adolescentes
1022 2556 1159 2631 Romani,
1184 2557 1231 2634 qui
1252 2556 1315 2612 soro
1337 2561 1366 2612 et
1386 2553 1480 2612 curiae

332 2661 523 2742 parabantur,
546 2659 583 2716 ad
603 2678 686 2716 unum
706 2659 826 2736 aliquem
845 2660 935 2716 virum
949 2660 977 2716 in
991 2660 1104 2718 civitate
1119 2657 1293 2736 principem,
1316 2655 1392 2730 cujus
1411 2673 1480 2730 pru-

334 2763 431 2822 dentia
449 2762 592 2820 doctiores
613 2761 674 2819 fieri
695 2761 863 2836 studebant,
884 2761 1115 2836 deducebantur,
1133 2763 1171 2818 ita
1191 2767 1269 2834 tum,
1290 2776 1376 2834 quum
1392 2775 1480 2834 penes

334 2884 420 2922 unum
442 2864 532 2922 omnis
554 2864 614 2922 sere
634 2869 695 2921 erat
711 2869 855 2942 potestus,
884 2867 909 2924 ai
931 2866 1003 2923 viam
1024 2864 1061 2921 ad
1083 2881 1169 2940 opes,
1195 2860 1338 2934 bonores,
1365 2876 1481 2917 munera

334 2965 389 3024 eibi
410 2967 518 3024 munire
539 2965 656 3040 vellent,
679 2966 716 3022 ad
740 2967 828 3024 virum
850 2967 924 3026 illum
950 2968 1042 3046 ipsum
1060 2965 1104 3024 vel
1130 2965 1166 3022 ad
1187 2965 1263 3022 viros
1280 2963 1319 3020 illi
1338 2964 1397 3021 cive
1419 2963 1483 3038 dig·

334 3069 437 3142 nitate,
457 3069 517 3126 aive
533 3067 633 3145 opibus
653 3069 813 3146 proximos,
836 3071 871 3128 ad
885 3073 990 3129 amicos
1004 3074 1155 3148 potentes,
1174 3066 1313 3143 majores,
1335 3084 1401 3124 sese
1415 3085 1483 3123 con-

335 3170 440 3228 ferrent
463 3189 580 3228 necesse
600 3177 669 3230 erat.
714 3172 789 3229 Fieri
808 3177 900 3229 autem
922 3191 978 3229 non
1006 3172 1117 3252 potuit,
1138 3170 1205 3247 quin
1227 3187 1314 3246 saepe
1336 3168 1482 3226 erectioric

335 3270 438 3328 indolis
459 3271 655 3330 adolescentes
677 3272 749 3333 bunc
769 3275 842 3331 viam
869 3279 967 3350 utpote
987 3273 1075 3331 libero
1104 3279 1133 3330 et
1156 3273 1278 3348 ingenuo
1300 3271 1361 3326 uiro
1384 3287 1483 3347 parum

336 3371 451 3448 dignam
473 3372 545 3431 inire
566 3374 727 3434 dubitarent
757 3382 786 3432 et
810 3377 896 3434 vitam
918 3377 1037 3434 otiosam
1062 3375 1135 3433 civili
1162 3379 1249 3450 atque
1278 3376 1412 3430 acturosae
1439 3367 1484 3430 rel

336 3491 436 3549 reapse
458 3473 635 3551 praeferrent
656 3475 698 3533 vel
720 3477 865 3554 praeferre
887 3479 915 3536 in
937 3480 1058 3536 animum
1078 3479 1252 3536 inducerent.
1294 3473 1326 3532 lu
1346 3494 1403 3551 quo
1422 3475 1485 3551 qui·

336 3576 398 3632 dem
419 3593 535 3634 numero
548 3598 614 3636 num
629 3579 737 3636 Scaeva
758 3580 858 3655 suerit,
884 3581 968 3657 plane
983 3581 1133 3652 nescimus,
1159 3594 1318 3654 quenquam
1334 3583 1417 3652 sunt,
1438 3578 1485 3653 qui

336 3677 405 3735 illud
425 3679 584 3756 praefracte
605 3681 754 3740 affirment.
796 3681 929 3740 Horatius
951 3681 1036 3757 igitur
1051 3680 1211 3758 sapienter,
1233 3699 1290 3737 non
1311 3677 1485 3736 adulatorum

335 3781 421 3838 modo
448 3782 623 3859 temporibus
646 3783 788 3854 serviens,
814 3781 842 3838 in
867 3783 920 3840 hac
947 3781 1077 3860 Epistola
1105 3783 1133 3839 id
1155 3801 1240 3840 unum
1266 3783 1339 3858 egit,
1367 3786 1399 3838 ut
1427 3781 1486 3839 aire

336 3884 461 3943 Scaevae
481 3884 552 3961 ipsi,
574 3882 653 3958 cujus
676 3884 814 3943 sentiendi
832 3885 969 3942 rationem
984 3883 1103 3942 haberet
1121 3885 1279 3960 cognitam,
1301 3885 1361 3940 sive
1383 3901 1487 3960 aequa·

336 3984 409 4044 libua
431 3985 612 4044 saluberrima
640 3987 793 4063 majoribus
818 3989 916 4046 utendi
943 3989 1026 4046 daret
1051 3994 1214 4065 praecepta.
1264 3986 1362 4061 ltaque
1391 3985 1488 4058 docet,

336 4089 384 4166 qui
404 4088 560 4165 principum
582 4089 788 4146 familiaritates
813 4096 946 4168 appetat,
978 4109 1040 4150 eum
1068 4109 1128 4148 rem
1150 4089 1295 4167 suscipere
1324 4107 1382 4146 uon
1403 4086 1488 4144 modo

337 4209 395 4249 non
422 4189 586 4266 ingloriam,
620 4209 715 4249 rerum
743 4191 828 4249 etiam
856 4192 958 4250 decore
988 4210 1021 4248 ac
1051 4191 1133 4250 laude
1158 4191 1288 4268 dignam,
1322 4190 1488 4268 praesertim

338 4313 423 4370 quum
448 4293 568 4351 amicitia
595 4293 717 4349 virorum
745 4291 903 4370 principum
933 4297 963 4350 et
983 4292 1135 4352 difficulter
1157 4297 1274 4370 paretur
1297 4299 1326 4350 et
1346 4291 1398 4350 nisi
1419 4309 1489 4369 pru-

338 4393 438 4451 denter
455 4415 512 4453 non
532 4401 668 4454 servetur.
702 4394 734 4452 ln
754 4401 902 4472 utramque
919 4399 1012 4454 autem
1033 4415 1092 4452 rem
1114 4395 1132 4451 i.
1148 4413 1173 4452 e.
1195 4395 1327 4454 vitamet
1345 4391 1491 4451 bominum

338 4495 497 4554 otiosorum
516 4498 627 4574 sibique
649 4498 800 4556 viventium
819 4504 849 4555 et
869 4501 898 4556 in
915 4519 967 4558 uau
988 4517 1080 4558 rerum
1101 4496 1357 4572 commtmitateque
1374 4512 1492 4554 uersau-
