3430 5324
326 491 387 561 100
413 491 696 558 commun
708 494 753 556 lN
767 491 934 556 nouam
946 490 1023 554 LIB.
1034 491 1058 554 1.
1082 489 1208 554 EPlST.
1219 489 1395 554 uuonuc.
1418 491 1479 558 186

325 681 448 750 irritus.
471 685 530 745 od.
548 685 586 759 2,
606 684 660 760 11,
676 680 707 747 l.
733 701 789 740 nso
809 679 936 761 trepides
957 681 991 738 iss
1009 697 1099 740 usum
1113 679 1268 738 Porum&
1282 682 1352 740 aevi
1364 697 1480 758 paura,

325 787 374 846 ubi
402 786 588 864 Dour-iugiter
611 783 687 842 lrrmo
714 783 769 844 loo.
798 787 954 863 essuperet.
979 781 1044 844 Cet.
1071 779 1145 841 Dist.
1166 778 1204 859 4,
1228 783 1259 846 2.
1277 780 1361 862 (ibiq.
1381 781 1480 842 Arntn.

325 909 355 970 p-
375 886 463 967 201.)
488 884 651 947 Comarodes
670 895 800 946 nouom
819 885 905 944 nullo
926 882 983 942 taisi
1003 893 1132 960 tmpore
1152 881 1297 954 deerunt,
1324 882 1362 940 Si
1381 883 1482 962 suerio

325 997 481 1048 contentus
501 1009 547 1060 eo,
572 986 656 1067 quod
667 987 807 1065 portitat
825 1007 908 1048 usur.
936 984 1054 1046 Lueret.
1072 985 1112 1061 5,
1136 982 1327 1050 1116-18.
1350 990 1380 1044 et
1405 991 1481 1060 quoe

325 1093 363 1150 de
383 1095 551 1171 paupertate
569 1091 729 1152 Horatiana
745 1090 875 1169 disputat
892 1086 1025 1146 Lie'bker.
1046 1088 1085 1147 ad
1102 1086 1160 1146 od.
1180 1087 1214 1163 3,
1232 1089 1263 1163 1,
1285 1085 1336 1151 26.
1356 1085 1481 1144 Contru-

325 1192 396 1251 rium
423 1192 553 1252 Seuecse
579 1191 616 1250 de
643 1191 802 1268 umus,
824 1193 873 1255 10.
902 1188 1059 1269 (Gronov.)
1079 1188 1177 1248 deesse
1196 1186 1257 1246 sibi
1275 1188 1310 1246 in
1330 1193 1481 1263 emptum

325 1294 370 1352 aa
388 1296 568 1354 mensarios
587 1313 661 1352 usus
682 1293 792 1354 dicitu.
826 1293 1013 1372 Quapropter
1031 1291 1256 1370 fauerenequeo
1273 1307 1338 1350 oum
1354 1286 1406 1348 Fr.
1424 1286 1481 1344 Ju-

326 1392 436 1466 oobsrh,
460 1395 628 1467 Sohrru'slr'o,
657 1387 784 1466 Oratio,
804 1395 906 1474 quibus
925 1413 998 1452 usur
1017 1413 1118 1452 rerum
1137 1398 1184 1454 est
1201 1391 1364 1467 alienamur,
1384 1388 1424 1448 ita
1439 1392 1482 1466 ut,

325 1497 403 1573 quod
424 1498 495 1557 dicit
514 1499 586 1577 ipsis
606 1497 702 1558 verbis
730 1496 875 1568 Orellius,
898 1495 990 1557 locius
1008 1496 1122 1574 „libere
1140 1497 1179 1555 erl
1198 1513 1268 1554 usus
1288 1493 1364 1552 vius
1382 1507 1483 1548 neees-

325 1597 417 1656 sarios
437 1600 604 1678 dispensate
622 1605 653 1660 et
672 1601 826 1679 disponere
846 1599 984 1678 potuerit,
1004 1617 1078 1676 quae
1095 1598 1278 1678 provenirent
1294 1593 1325 1652 iu
1339 1589 1483 1672 Agrippae

325 1699 456 1760 limdis.“
497 1701 579 1764 Illam
599 1703 771 1762 sententiam
793 1700 886 1760 Poeta
907 1699 1075 1777 riguiliouvit
1092 1719 1122 1760 v.
1145 1700 1174 1762 1.
1196 1697 1312 1774 2.,1ιίο
1331 1699 1425 1756 eutem
1443 1692 1483 1752 ed
1581 1733 1583 1736 -

326 1798 418 1860 loriam
438 1819 616 1864 communem
634 1821 807 1884 progressus
828 1823 896 1864 esse
918 1802 1077 1862 censendus
1099 1805 1155 1860 est.
1181 1798 1300 1860 Acutius
1313 1801 1484 1856 autemeam

326 1903 458 1960 Daoerio
478 1905 591 1965 Duru:
609 1904 779 1983 „Lorsqu'io
799 1907 836 1964 de
856 1905 945 1984 petits
960 1904 1043 1963 biens
1061 1924 1101 1964 ou
1118 1903 1193 1982 joint
1212 1900 1257 1962 Le
1274 1900 1368 1978 grand
1387 1905 1433 1959 art
1446 1899 1482 1958 de

325 2004 566 2082 la.jouissuuoe.“
584 2008 654 2068 Illos
675 2011 694 2069 i.
716 2026 743 2067 e.
763 2009 907 2066 nostrates
930 2005 1060 2082 sequitur
1079 2023 1151 2064 unus
1174 2001 1400 2077 nostratibus,
1422 2001 1485 2058 Ios.
1576 1995 1578 1999 ’
1599 2007 1602 2014 ’

326 2107 460 2166 Merkel:
487 2110 552 2188 „Es
573 2113 613 2171 lst
636 2111 714 2170 nieht
735 2107 843 2184 dirrffig
868 2126 905 2166 ru
928 2125 1061 2183 ueuuen,
1086 2105 1170 2166 Wem
1190 2105 1242 2166 der
1262 2103 1416 2165 Gebrauelr
1432 2103 1487 2162 irei

327 2210 404 2270 stelit
424 2231 475 2272 zur
498 2211 620 2288 Geniige
641 2231 697 2270 von
718 2209 858 2268 lremdem
876 2207 1089 2268 Besitstlrum.“

410 2311 445 2370 V.
468 2313 498 2374 5.
519 2315 552 2376 6.
590 2311 628 2368 Si
647 2313 744 2370 νεηιη·
764 2307 837 2367 bene
850 2343 887 2358 --
899 2311 1009 2380 majus.
1034 2307 1200 2370 Sententia:
1227 2309 1363 2386 „Quodsi
1384 2308 1422 2366 ud
1442 2325 1487 2386 eu,

327 2431 402 2491 quae
427 2413 465 2472 ud
491 2412 627 2472 tuendam
653 2411 797 2472 hominum
817 2411 907 2470 vitam
926 2412 1086 2489 pertinent,
1113 2409 1189 2468 bona
1211 2411 1322 2470 emedit
1342 2407 1487 2483 valetudo,

327 2533 366 2574 ne
385 2533 485 2592 regum
504 2514 621 2592 quidem
639 2535 711 2594 opes
733 2520 764 2572 te
782 2515 874 2591 magis
895 2513 1041 2573 {ortuum
1062 2511 1219 2588 possunt.“
1245 2511 1280 2572 lu
1299 2529 1356 2587 que
1372 2527 1405 2568 re
1424 2508 1489 2567 siue

329 2615 415 2675 dubio
440 2616 514 2675 Hor.
541 2616 669 2695 respexit
694 2633 796 2674 versus
817 2614 933 2673 Solonis
957 2631 1005 2693 up.
1027 2611 1171 2672 Plutarch.
1193 2615 1222 2672 iu
1244 2613 1301 2672 vit.
1323 2610 1420 2670 Solon.
1441 2608 1486 2686 (2.

329 2739 359 2798 p·
376 2719 425 2783 12.
447 2718 494 2776 ed.
515 2715 684 2798 Westerm.)
698 2710 780 2780 Ἶσόν
794 2739 842 2779 τοι
857 2715 1050 2788 πλουτοῦσιν,
1074 2707 1133 2796 iirp
1153 2709 1245 2788 ποὶύς
1260 2707 1389 2796 ἄργυρός
1408 2709 1489 2775 ἐστιν

331 2818 395 2884 Καὶ
420 2813 530 2900 χρυσός
553 2817 605 2881 nui
631 2823 689 2902 γῆς
708 2813 890 2902 πυροφόρου
913 2814 1018 2892 πεδία,
1038 2807 1144 2879 ”huoi
1164 2809 1197 2878 θ’
1216 2813 1342 2898 ἡμίονοί
1362 2836 1410 2890 τε,
1438 2811 1490 2878 καὶ

331 2914 357 3010 qi
377 2918 415 2986 roi
435 2920 543 2986 silom
562 2917 709 3004 solomon
726 2921 838 3004 Puorpi
857 2939 889 2982 ss
909 2915 961 2982 sul
982 2908 1130 2998 πλεύραις
1148 2915 1202 2980 sul
1221 2913 1312 2981 ποσὶν
1333 2911 1412 2997 illusi
1432 2937 1491 2978 rru-

330 3029 402 3088 θεῖν
426 3017 542 3096 Hostile
560 3016 586 3084 τ’
605 3021 662 3104 olli
681 3018 833 3107 γυναικός.
862 3023 953 3082 Iidem
973 3018 1107 3096 legimtur
1126 3036 1174 3097 up.
1198 3019 1331 3096 sseogn·
1350 3017 1413 3082 719
1427 3037 1491 3096 sqq.

332 3127 380 3188 ubi
406 3127 526 3188 seorsim
553 3123 729 3185 erhems
753 3127 850 3206 posuit
875 3144 904 3183 ι.
935 3120 1017 3186 1185
1046 3139 1111 3200 sqq.
1138 3139 1168 3200 p.
1191 3115 1234 3182 64
1258 3125 1289 3178 et
1310 3116 1382 3180 140.
1405 3120 1491 3180 Cous.

332 3227 435 3288 Marii.
463 3229 500 3288 od
525 3227 626 3306 Eurip.
653 3228 754 3308 Suppl.
783 3231 856 3292 850.
884 3223 986 3306 (870).
1014 3222 1221 3282 Schneidewin.
1245 3218 1359 3279 Deleot.
1385 3239 1415 3297 p.
1440 3222 1491 3284 28.

333 3328 453 3390 Etiamsi
473 3334 505 3386 ut
526 3326 635 3386 Corues
655 3329 795 3408 explices:
816 3324 897 3392 ὅσων
919 3325 967 3388 δεῖ
986 3321 1029 3398 εὶς
1049 3318 1083 3388 τὸ
1102 3328 1159 3405 τῆς
1178 3317 1240 3389 uiso*
1259 3323 1316 3386 τοῦ
1335 3317 1494 3406 βρώματος

334 3427 386 3492 sol
410 3431 465 3507 τῆς
490 3423 640 3502 ἐνδύσεως
664 3427 716 3492 καὶ
743 3433 798 3510 τῆς
822 3425 994 3500 irruituros
1023 3423 1140 3508 ἡδονῆς
1166 3421 1353 3500 αἰσθέσθαι,
1381 3432 1414 3485 ut
1441 3446 1494 3486 neo

335 3530 445 3607 morbi,
472 3551 526 3590 nec
546 3549 593 3589 res
614 3529 743 3591 Veneres
764 3537 793 3592 et
813 3529 927 3590 saltatio
949 3529 1069 3608 intelligi
1091 3529 1230 3606 debeant,
1259 3547 1307 3588 res
1335 3533 1431 3587 tamen
1450 3528 1494 3584 in-

336 3640 418 3712 tegra
439 3637 492 3692 est
523 3631 659 3694 Horatius
681 3636 756 3694 enim
776 3639 836 3692 tum
855 3631 975 3691 aliorum
994 3633 1150 3694 sententias
1176 3631 1214 3691 ad
1240 3647 1308 3690 suos
1333 3649 1421 3708 saepe
1444 3645 1494 3688 so-

337 3733 605 3812 commodaturus,
627 3742 660 3796 ut
678 3737 735 3814 10,
759 3737 809 3804 12.
834 3735 893 3810 16,
913 3729 955 3798 74
973 3755 1056 3814 sqq,
1088 3741 1150 3794 tum
1176 3733 1263 3792 latine
1290 3732 1394 3790 dictio:
1424 3728 1495 3788 berre

338 3859 399 3898 esse
420 3843 449 3898 et
471 3835 563 3894 lateri
583 3834 730 3920 (quicquid
751 3842 797 3898 est
821 3835 881 3896 sive
903 3836 1031 3916 spirandi
1055 3838 1169 3898 officina
1188 3838 1248 3896 sive
1268 3833 1393 3892 conditio
1414 3831 1496 3912 pleu-

339 3943 397 4000 resi
417 3939 558 3999 ooutrarie
579 3941 611 4016 7,
633 3943 685 4006 26·
706 3942 737 4017 6,
759 3937 826 4018 28.)
849 3937 1022 4017 etpedibus
1043 3937 1120 4018 (sive
1140 3944 1260 4018 propter
1279 3935 1498 3996 imbecillitatem

340 4045 400 4103 sive
421 4041 458 4100 ob
481 4043 640 4120 podagram
661 4046 692 4122 2,
714 4042 765 4106 52.
787 4041 850 4104 Sat.
872 4044 905 4118 2,
923 4043 956 4118 7,
980 4042 1070 4121 108.)
1095 4048 1126 4102 et
1147 4041 1245 4100 ventri
1264 4037 1338 4116 (Sat.
1362 4040 1393 4115 1,
1411 4039 1445 4116 0,
1466 4039 1496 4100 7.

341 4149 378 4220 2,
403 4148 439 4216 2,
458 4145 510 4205 71.
529 4143 568 4218 8,
588 4142 618 4206 5.
646 4143 723 4204 Cels.
744 4141 850 4202 Medic.
869 4138 906 4220 4,
931 4141 997 4214 19.)
1023 4143 1068 4204 vix
1091 4143 1169 4202 aliud
1190 4141 1260 4218 quid
1281 4139 1404 4218 intelligi
1422 4140 1497 4198 sinit.

342 4245 404 4306 lam
433 4243 501 4304 nihil
531 4243 624 4308 dicem
649 4245 686 4304 de
712 4243 872 4312 Metrodori
903 4241 1028 4324 placito,
1063 4245 1142 4323 quod
1171 4243 1218 4301 hic
1244 4261 1409 4320 expressum
1435 4257 1499 4298 esse

345 4345 494 4404 Lumbirro
515 4345 690 4404 verisimilius
714 4346 839 4406 videtur:
872 4345 974 4406 Vitam
990 4368 1106 4405 omnem
1121 4345 1241 4406 beurim
1257 4346 1389 4421 corporis
1400 4341 1502 4416 firma

347 4451 551 4507 constitutione
572 4450 692 4530 ejusque
713 4449 929 4508 mutatorio
954 4470 1006 4528 spe
1028 4450 1183 4528 explorata
1205 4447 1350 4508 contineri
1369 4463 1416 4524 op.
1438 4444 1501 4504 Cio.

347 4549 384 4609 de
407 4548 491 4607 Offic·
513 4550 552 4630 3,
581 4549 642 4627 33,
672 4553 744 4617 117.
768 4551 839 4634 ibiq.
861 4551 957 4615 Beier.
983 4557 1013 4612 et
1036 4549 1133 4612 Korn.
1161 4570 1226 4612 oum
1249 4548 1349 4614 Klots.
1375 4549 1414 4612 ud
1441 4547 1502 4610 Cio.
