3380 5324
188 497 247 566 147
295 497 506 563 connum.
521 497 564 560 ΙΝ
578 499 670 560 UOR.
685 499 760 560 LlB.
776 498 797 556 l.
818 497 941 558 EPlST.
957 497 1068 558 SEXT.
1084 498 1216 562 auctu.
1257 493 1318 564 307

184 689 555 768 quarantianum.
584 685 630 748 ld.
648 687 685 746 de
708 685 760 749 Or.
783 691 818 764 1,
838 682 897 760 47,
919 681 989 748 204.
1018 684 1223 746 Pseudo-Cal.
1245 685 1320 754 Diat.

186 786 287 866 1,14.
329 788 407 850 Plus
426 779 555 848 aliie'de
574 800 621 860 te,
645 807 737 867 qnam
755 784 864 844 turibi
883 786 998 843 credere
1019 787 1090 846 noli.
1120 789 1198 848 ldem
1219 789 1323 867 repetit

184 887 230 950 Jo.
251 890 399 950 Saresber.
421 891 499 968 Nug.
521 891 587 952 Cur.
609 891 640 962 3,
661 889 691 952 5.
714 909 743 966 μ.
766 888 836 952 162.
857 886 965 950 Auson.
988 891 1028 954 ld.
1052 895 1102 966 16,
1117 894 1142 954 ’1
1166 911 1230 968 sqq.
1267 890 1322 950 Vn

186 990 279 1050 barenes
304 1003 331 1052 et
349 995 468 1072 sapiens
488 1027 524 1039 -
541 1027 584 1038 —-
600 1025 643 1036 —
664 989 762 1048 Ῑιιιίαα
782 990 845 1066 e'poe
864 991 927 1062 eui,
956 1001 1050 1050 totam
1072 1012 1103 1052 ee
1126 991 1259 1069 explorat
1280 992 1323 1050 ad
1372 1019 1376 1030 ·

184 1115 334 1174 maguam:
358 1095 441 1174 Quid
450 1117 595 1176 proceree,
616 1094 746 1170 annique
758 1089 845 1168 serat
865 1092 941 1169 qnid
956 1095 1056 1171 opinio
1074 1093 1162 1172 aulgi
1182 1094 1321 1168 Securus,

183 1197 291 1254 mandi
307 1199 402 1256 instar
420 1197 553 1271 daberis,
574 1205 757 1273 tereretque
777 1193 922 1252 rolandia
948 1201 1000 1254 etc.
1043 1195 1194 1266 Quomodo
1220 1196 1266 1256 hic
1292 1203 1322 1256 et

182 1297 352 1360 Horatianus
373 1300 469 1379 locus,
494 1301 542 1378 qui
564 1306 665 1362 contra
685 1300 886 1360 conscientiam
907 1317 987 1358 suam
1011 1300 1187 1358 adulatorum
1204 1298 1321 1356 vocibus

183 1401 299 1461 medere
316 1407 405 1478 vetat,
426 1422 490 1462 oum
511 1399 675 1462 Aristotelio
697 1399 745 1458 illo
765 1402 977 1479 componendus
997 1401 1055 1475 sit,
1075 1399 1222 1477 eleganter
1238 1401 1323 1457 docet

182 1501 384 1562 Rnlrnkeniue
404 1503 441 1562 ad
462 1503 581 1562 Aristol.
604 1501 696 1562 Ethic.
720 1501 796 1580 Opp.
818 1503 867 1562 111.
887 1523 918 1582 p.
941 1505 1012 1566 181.
1046 1501 1108 1560 Alia
1126 1501 1155 1560 in
1177 1521 1235 1560 rem
1254 1521 1322 1578 sup-

181 1604 311 1682 peditant
335 1604 439 1666 Gatak.
465 1605 502 1664 ad
529 1604 570 1664 Μ.
592 1603 725 1666 Αοίοοῐο.
755 1604 813 1681 12,
834 1603 864 1670 4.
891 1627 921 1685 p·
946 1605 1019 1668 350.
1044 1609 1074 1664 εί
1095 1603 1180 1662 Beier
1200 1606 1237 1661 ad
1259 1602 1321 1666 Cic.

181 1703 264 1766 Lael.
287 1708 342 1776 26,
363 1703 393 1766 4.
416 1705 446 1768 5.
478 1705 542 1765 coll.
564 1705 650 1766 offic.
673 1707 703 1782 1,
727 1709 779 1784 26,
801 1708 852 1769 91.
894 1709 970 1768 Ηίοα
992 1706 1139 1768 commode
1161 1705 1323 1780 Hieronym.

181 1807 219 1868 ad
241 1805 416 1866 Demetriad.
436 1805 486 1866 lv.
508 1825 536 1885 p.
560 1808 610 1872 18.
634 1808 668 1866 C.
715 1809 811 1886 Saepe
830 1808 1023 1868 adulantiam
1044 1808 1206 1866 resistimus
1227 1803 1323 1862 verbis
1398 1813 1402 1832 ¹

180 1908 227 1966 ad
245 1909 358 1986 saniem
386 1917 413 1966 el
440 1910 473 1966 ιἰι
500 1920 607 1966 secreto
635 1913 742 1970 mentis
757 1911 919 1989 favemus,
948 1911 1172 1989 maximamque
1184 1909 1323 1988 fructum

182 2011 293 2088 oepieee
314 2030 367 2068 noe
391 2007 550 2080 drwirnue,
571 2012 599 2067 si
620 2010 669 2070 ναί
678 2011 766 2086 fiatis
788 2011 931 2072 audita
947 2014 1181 2092 praedicamur,
1202 2031 1255 2070 nec
1276 2031 1324 2068 oo-

178 2114 316 2192 gilamus
337 2111 419 2191 qaod
440 2113 501 2188 ipsi
520 2132 643 2183 eumue,
672 2114 727 2174 aad
749 2117 827 2194 quid
842 2116 946 2174 alterie
967 2137 1026 2175 ease
1047 2116 1192 2174 amemur.
1240 2112 1324 2172 Unde

181 2234 215 2272 eo
230 2213 378 2291 perducar
402 2233 449 2272 ree
473 2223 535 2284 est,
560 2215 749 2294 arnaginem
775 2219 898 2278 vadato
921 2219 1020 2276 meriti
1043 2217 1080 2276 de
1101 2215 1166 2274 οοίο
1187 2217 1324 2292 opinione

180 2337 335 2392 euremne,
357 2318 412 2396 qai
431 2317 630 2374 testimonium
651 2320 730 2376 vilae
749 2331 867 2379 noetrae
884 2341 944 2380 nan
965 2341 986 2378 a
1007 2320 1185 2380 conseiaetia
1206 2327 1321 2388 nostra,

181 2421 236 2480 aed
255 2442 276 2479 a
295 2420 388 2498 sama
403 2421 547 2496 petimus.
566 2453 608 2465 -
637 2419 673 2480 V.
696 2423 747 2486 20.
775 2423 860 2480 Neve
879 2435 969 2500 putes
989 2423 1087 2482 aliam
1111 2423 1243 2499 rapiente
1267 2427 1323 2482 etc.

180 2523 213 2584 ln
236 2523 354 2582 eandem
375 2523 542 2594 sententiam
563 2523 699 2584 Socrates
720 2543 770 2590 eos
791 2533 954 2586 exsecratus
975 2527 1095 2604 dieitur,
1119 2525 1174 2604 qui
1188 2524 1324 2601 prienam

180 2625 256 2684 Ιιαοο
277 2624 441 2704 (honestum
462 2633 492 2684 et
511 2623 592 2702 utile)
614 2635 725 2684 natura
745 2625 931 2688 cohaerentia
953 2629 1090 2705 opimone
1110 2625 1323 2684 distraxissart.

179 2727 246 2788 vid.
267 2727 359 2786 Beier.
381 2729 417 2796 ad
439 2727 501 2786 Cio.
519 2727 605 2790 offic.
623 2727 655 2800 3,
671 2727 703 2804 3,
729 2734 776 2793 11.
797 2733 898 2792 Senes.
920 2731 1013 2808 Epist.
1033 2730 1085 2794 45.
1106 2727 1163 2786 doc
1176 2748 1229 2786 nos
1243 2727 1324 2800 doce,

181 2827 301 2888 beaaun
321 2849 382 2886 non
403 2848 471 2886 eam
490 2847 563 2899 eree,
586 2849 674 2908 quem
691 2829 802 2909 moigne
819 2831 1011 2911 appellat-
1030 2829 1134 2886 -sed
1150 2827 1253 2898 ilium,
1274 2830 1325 2884 ani

181 2931 293 2990 bonnm
314 2949 401 2986 omne
420 2931 454 2986 ia
473 2931 574 2988 αιιὶιιιο
595 2941 637 2988 est
655 2937 710 2990 etc.
733 2932 773 2994 ld.
795 2935 832 2992 de
852 2934 909 2994 Vrt.
931 2931 1006 2996 beat.
1028 2932 1141 2994 2ae-11.
1163 2929 1256 3006 Epist.
1271 2927 1323 2989 59.

180 3033 303 3092 Aristot.
331 3030 430 3106 Magn.
450 3029 526 3090 lior.
553 3034 588 3108 1,
615 3028 646 3092 4.
680 3027 714 3094 ιδ
737 3029 796 3114 ἅμα
817 3029 1008 3110 ον’δαιμονεῑν
1033 3029 1085 3091 eoi
1105 3027 1129 3108 ei
1147 3021 1325 3106 εδδοιμονίοι

180 3133 215 3198 δν
232 3136 275 3220 τῷ
294 3121 329 3194 ed
352 3134 406 3212 ζῆν
427 3130 498 3194 ἔστι,
523 3125 605 3196 οόδ’
634 3129 669 3194 eii
697 3135 751 3211 ζῆν
780 3133 813 3196 ἐν
841 3137 885 3218 τῷ
914 3127 989 3196 nard
1017 3123 1125 3212 doado
1153 3133 1218 3210 ζῆν.
1242 3123 1323 3192 aoo'r'

181 3233 242 3319 ἅμα
262 3233 323 3298 ieri
345 3233 429 3308 ιίίος
452 3233 505 3296 καί
529 3231 553 3314 η’
574 3228 751 3316 εὐδαιμονία
771 3233 822 3298 ναί
845 3233 877 3299 ιδ
897 3231 1028 3314 intorno.
1056 3233 1098 3295 ld.
1121 3221 1208 3292 ubet.
1231 3235 1269 3309 1,
1292 3233 1323 3308 5,

180 3339 211 3402 3.
233 3335 264 3402 4.
284 3337 378 3398 Ethio.
399 3339 429 3413 1,
451 3340 482 3413 7,
503 3337 533 3399 8.
550 3358 579 3415 p.
602 3333 653 3400 49.
673 3337 707 3396 Ζ.
729 3339 794 3398 coll.
825 3346 853 3414 1,
876 3338 927 3414 13,
950 3340 977 3402 1.
999 3335 1085 3395 Polit.
1099 3333 1130 3411 4,
1146 3335 1176 3408 9,
1190 3336 1219 3398 2.
1245 3333 1323 3394 Idem

180 3443 267 3500 docel
289 3437 371 3498 Plato
392 3441 421 3500 in
442 3439 587 3500 Alcibiade
608 3443 700 3519 primo
720 3448 750 3500 et
770 3443 851 3502 alias.
874 3443 919 3500 Cl.
943 3441 979 3499 de
1000 3438 1053 3498 hae
1071 3437 1147 3496 omni
1167 3456 1198 3528 re
1218 3421 1323 3496 Mureti

180 3543 340 3620 elegantem
367 3541 404 3601 de
430 3561 537 3604 summo
566 3543 642 3602 bono
670 3544 892 3622 disputationem
920 3544 957 3602 ad
983 3541 1103 3600 aristot.
1124 3537 1216 3596 athis.
1241 3540 1271 3613 1,
1294 3536 1324 3602 5.

181 3645 258 3724 Opp.
282 3643 330 3703 ΙΙΙ.
351 3665 382 3724 μ.
405 3647 476 3709 183.
507 3645 572 3706 coll.
594 3645 655 3705 Cia.
678 3648 715 3706 de
733 3645 797 3708 Fin.
820 3647 853 3722 3,
876 3648 905 3709 8.
934 3643 1023 3704 Tuae.
1049 3642 1085 3719 5,
1113 3641 1266 3706 12-16.
1294 3645 1324 3698 et

180 3745 323 3808 Plutarch.
343 3746 429 3812 libell.
456 3747 484 3810 ei
505 3741 657 3826 αοίοίριιης
679 3745 702 3828 ἦ
721 3749 812 3810 reule
833 3743 906 3826 anic
928 3741 985 3824 ιήν
1006 3743 1242 3822 κακοδαιμονίαν
1261 3741 1323 3800 Vll.

181 3867 209 3926 p·
231 3849 294 3914 938
314 3869 394 3928 sqq„
421 3859 518 3910 annot.
543 3851 581 3910 ad
609 3853 646 3927 6,
668 3851 719 3914 29.
741 3858 771 3911 et
792 3849 908 3908 Schmid
929 3849 965 3910 ad
986 3849 1014 3908 h.
1039 3849 1060 3908 l.
1104 3845 1230 3904 Eandem
1262 3863 1323 3902 rem

181 3951 371 4028 paritonium
392 3954 507 4033 respicit
525 3954 627 4014 Cicero
648 3954 678 4011 in
699 3953 791 4030 Epist.
812 3955 849 4012 ad
869 3951 935 4011 niv.
956 3953 988 4030 7,
1010 3953 1062 4028 28,
1085 3951 1114 4012 2.
1133 3947 1163 4012 3.
1192 3945 1237 4006 De
1254 3965 1324 4004 con-

183 4052 339 4112 struetione
356 4055 506 4114 verborum
527 4055 624 4114 alium
645 4056 790 4132 rapiente,
809 4055 838 4114 in
859 4071 916 4131 qua
937 4049 997 4110 Fen
1016 4071 1078 4114 cum
1093 4049 1222 4110 Charisia
1247 4053 1325 4108 errat

181 4153 238 4214 viel.
260 4151 355 4214 schor.
377 4163 405 4215 et
427 4157 518 4218 Orell.
540 4158 579 4218 sd
599 4157 627 4216 h.
648 4155 667 4216 l.
691 4163 720 4218 et
741 4159 773 4229 2,
797 4158 827 4231 1,
849 4155 923 4220 240.
946 4155 1009 4214 coll·
1033 4153 1160 4214 Gronov.
1183 4159 1213 4210 et
1232 4150 1323 4210 Drak.

182 4257 219 4314 ad
237 4253 301 4316 Liv.
321 4256 357 4333 5,
379 4256 437 4336 54,
459 4259 488 4322 6.
510 4259 618 4338 Reisig.
645 4257 889 4338 ,‚Vorleaungen“
911 4262 964 4318 etc.
990 4259 1016 4334 §.
1036 4255 1109 4318 390.
1153 4254 1226 4312 ldire
1252 4250 1323 4311 Por·

181 4357 280 4436 phyrio
301 4379 328 4418 v.
350 4370 465 4436 excepta
486 4362 620 4422 omissum
641 4363 720 4424 dieit.
1230 4416 1238 4424 .

264 4459 300 4520 V.
322 4462 361 4526 21
372 4495 417 4509 -
428 4461 477 4527 24.
499 4461 571 4522 Neu
586 4465 614 4522 ei
632 4475 660 4520 ια
677 4495 721 4507 -
737 4461 839 4518 uana
858 4458 946 4518 celat.
978 4457 1142 4518 Sententia:
1166 4453 1276 4532 ‚,Nen,
1298 4455 1324 4514 si

183 4565 212 4622 te
232 4563 379 4626 multinrdo
408 4566 589 4626 consentiens
615 4563 773 4644 eapientem
793 4557 1152 4722 ”unisqueffw‘iiltiiigm
1172 4554 1324 4618 obnoxium
