3372 5328
348 415 410 481 200
451 417 662 480 COMMENT.
677 419 718 480 IN
733 417 827 478 HOR.
843 417 950 480 LlB.l.
973 414 1251 487 adsueuerat.
1267 413 1399 475 DEClbl.
1443 415 1484 480 40

347 605 459 685 [quibus
476 607 669 664 assentiuntur
690 605 907 685 Britannicus,
932 602 1120 670 Lambinus,
1146 603 1311 680 Cmquius,
1332 601 1391 675 alii]
1414 621 1483 680 „se-

346 709 486 766 natores“
508 707 622 783 dicunt,
643 705 859 786 Dillcnburger
883 725 936 786 pro
956 705 1152 764 decurionibus
1170 703 1268 779 babet,
1285 722 1405 781 quorum
1423 707 1482 783 egri

345 808 386 866 alli
407 815 473 866 ante
491 816 628 886 perpetua
651 807 727 866 bella
756 808 847 867 civilia
868 811 1087 886 frequentesque
1115 825 1246 882 agromm
1271 805 1483 867 distributiones

345 911 460 968 iruerint.
499 909 541 967 Ac
561 927 598 967 ne
621 911 745 988 quinque
767 911 947 968 decurionum
967 907 1151 966 Varianorum
1172 910 1199 965 iu
1218 913 1276 965 tam
1297 909 1399 986 exiguo
1417 929 1484 989 spa-

345 1009 388 1068 tio
418 1011 635 1070 constitutorum
667 1013 889 1087 multitudinem,
921 1027 976 1088 qua
1005 1008 1040 1066 V.
1070 1009 1100 1068 d.
1129 1009 1237 1088 praedii
1264 1011 1484 1085 magnitudinem

345 1113 541 1172 illustrandam
562 1114 649 1173 luisse
672 1115 817 1192 opinatur,
838 1114 873 1169 iis
888 1131 960 1188 quae
978 1111 1015 1168 de
1029 1111 1208 1170 decurionum
1226 1111 1334 1168 ratione
1348 1111 1482 1190 (interpp.

346 1215 381 1274 ad
411 1215 529 1274 Sueten.
559 1216 632 1292 Aug.
655 1213 706 1277 46.
739 1215 871 1274 Creuzeri
894 1213 1022 1288 „Abriss
1044 1213 1096 1270 der
1115 1213 1198 1272 Ram.
1221 1212 1344 1289 Antiq.“
1364 1218 1389 1291 §.
1410 1214 1481 1279 209.

344 1338 374 1397 p.
395 1315 472 1394 318)
493 1316 577 1376 nobis
599 1323 667 1375 nota
688 1325 769 1394 sunt,
790 1335 908 1394 prorsus
929 1314 1073 1372 adversari
1097 1314 1201 1388 dcam,
1229 1315 1288 1373 tale
1304 1316 1373 1392 quid
1394 1314 1484 1376 Poeta

345 1419 475 1477 modesta
492 1418 636 1496 focorum
661 1439 731 1479 voce
758 1437 858 1478 cavere
885 1415 1008 1474 soluisse
1034 1416 1154 1478 videtur.
1202 1415 1347 1476 Sententia
1372 1421 1482 1498 potius:

344 1521 514 1598 „praedium
535 1539 626 1579 meum
644 1528 761 1600 propter
778 1519 939 1578 deliciarum
960 1518 1107 1595 penuriam
1127 1535 1144 1575 s
1163 1523 1193 1574 te
1214 1517 1370 1580 fastiditum
1388 1523 1483 1580 usibus

343 1622 411 1699 plim
439 1623 563 1700 quinque
592 1627 704 1700 petrum
735 1621 853 1680 familias
883 1619 1000 1695 antiqua
1027 1620 1131 1676 virtute
1164 1619 1312 1696 insignium
1341 1611 1482 1680 suffe'cit.“

344 1725 435 1783 Recte
463 1721 650 1780 Torrentius:
679 1742 743 1801 „ea
764 1722 872 1782 scilicet
894 1725 1078 1800 tempestate,
1107 1737 1163 1796 qua
1182 1720 1250 1778 bina
1268 1727 1318 1779 aut
1337 1729 1420 1782 terna
1437 1723 1480 1782 fs-

344 1823 426 1882 miliis
441 1825 543 1900 jugera
562 1829 684 1904 propriis
703 1827 777 1885 culto
796 1823 924 1883 manibus
939 1821 1132 1896 sufficiebant,
1155 1829 1186 1880 ut
1199 1822 1366 1901 pulcerrime
1384 1824 1482 1884 Juven.

346 1923 402 2001 14,
429 1923 490 1987 179
505 1927 658 1991 -182.“
690 1927 773 1986 Boni
792 1913 877 2004 igitur
899 1935 1001 2003 putres
1027 1924 1125 1984 eadem
1154 1925 1214 1982 sere
1242 1929 1403 2004 sententia,
1431 1945 1483 2005 qua

340 2028 436 2107 fortes
456 2025 555 2084 coloni
575 2029 637 2087 Sat.
661 2032 697 2107 2,
720 2031 759 2107 2,
783 2029 867 2106 115,
888 2027 947 2085 vr'ri
967 2025 1037 2084 boni
1053 2027 1146 2106 Epist.
1169 2029 1204 2101 1,
1223 2027 1257 2101 9,
1283 2029 1331 2090 13.
1354 2037 1383 2086 et
1400 2031 1483 2108 agri-

346 2127 427 2186 colae
445 2130 556 2206 prasci,
574 2129 673 2208 firrtes
690 2151 844 2212 parvoque
866 2129 945 2187 beati
968 2131 1060 2205 2,1‚
1084 2127 1155 2192 139.
1182 2128 1320 2188 dicuntur.
1343 2131 1427 2189 Conf.
1449 2131 1482 2192 C.

344 2232 462 2290 Passer.
490 2231 530 2290 N.
557 2235 626 2297 219.
654 2231 783 2292 Hoclred.
804 2233 843 2290 ad
864 2231 898 2290 A.
922 2231 955 2294 P.
976 2231 1048 2295 359.
1071 2238 1101 2290 et
1121 2231 1279 2290 Heumann.
1301 2231 1338 2288 ad
1360 2235 1416 2309 16,
1434 2231 1483 2295 40.

344 2329 485 2390 laudatus.
520 2331 701 2412 Quapropter
720 2337 753 2394 iis
775 2356 831 2394 non
854 2335 1013 2410 assentior,
1036 2333 1083 2410 qui
1105 2331 1195 2390 bonos
1213 2331 1276 2390 illos
1296 2333 1340 2392 vel
1360 2333 1484 2412 splendi-

345 2433 416 2508 dos,
439 2433 542 2491 divites
564 2435 700 2512 (Schmid.
722 2439 759 2496 ad
780 2437 807 2496 b.
831 2439 850 2496 l.
870 2439 989 2515 Rupert.
1012 2436 1049 2492 ad
1070 2435 1131 2493 Juv.
1154 2435 1183 2506 5,
1206 2433 1277 2496 109.
1298 2435 1427 2494 ffildebr.
1448 2437 1484 2495 ad

343 2535 427 2614 Apul
449 2535 517 2592 Met.
538 2537 685 2617 t‚11,p.
706 2537 790 2618 101.)
811 2539 856 2598 vel
875 2541 1013 2617 ingenuos
1034 2538 1082 2612 (C.
1099 2536 1216 2595 Passer.
1237 2536 1275 2596 N.
1296 2536 1382 2614 229.)
1403 2537 1484 2597 intel-

276 2667 282 2678 ·
344 2636 393 2713 ligi
414 2633 530 2695 malunt.
561 2638 650 2696 Recte
677 2639 830 2699 Diintzer:
859 2662 920 2723 „es
941 2659 1035 2698 waren
1062 2645 1129 2716 gnte
1150 2639 1234 2715 Alte,
1264 2641 1310 2698 die
1333 2643 1363 2698 in
1390 2641 1482 2716 Varia,

345 2737 437 2798 wollin
455 2740 507 2796 der
527 2739 583 2797 Ort
604 2741 741 2820 gebdrte,
763 2745 872 2822 ziinftig
893 2743 1023 2802 uaren.“
1054 2742 1119 2800 lllae
1137 2742 1223 2818 igitur
1244 2741 1365 2800 familiae
1382 2754 1483 2820 patres

345 2861 430 2917 suos,
451 2839 470 2898 i.
491 2861 517 2899 e.
534 2824 703 2904 ¹familiarum
718 2849 823 2924 cupita,
845 2846 881 2904 ad
904 2843 1055 2903 sollemnes
1076 2845 1113 2903 de
1130 2863 1161 2902 re
1183 2845 1320 2901 communi
1341 2845 1484 2903 consulto·

343 2943 436 3002 tiones
458 2941 570 3002 Variam
592 2947 732 3007 dimittere
751 2947 850 3007 solitae
873 2955 953 3017 sunt;
982 2965 1046 3003 nem
1070 2946 1100 3003 in
1121 2945 1210 3003 altera
1236 2945 1483 3022 interpretatione:

344 3046 409 3122 „ad
435 3048 574 3106 nundinas
600 3048 745 3109 obeundas
770 3051 935 3127 strictusque
961 3047 1220 3122 uenumdaodos,“
1245 3045 1361 3105 uerbum
1383 3059 1483 3126 patres

342 3163 434 3224 paene
452 3151 573 3208 otiosum
594 3159 646 3209 est.
677 3151 729 3210 Alii
750 3153 833 3211 aliter
843 3150 884 3228 *).
897 3183 939 3194 --
952 3148 995 3207 ld
1015 3169 1041 3207 v.
1066 3148 1190 3206 Variam
1208 3149 1366 3228 „oppidum
1383 3151 1412 3208 in
1430 3151 1481 3211 Sa·

429 3350 456 3420 *)
473 3355 608 3409 baudinus
623 3373 673 3426 per
687 3357 767 3409 bonos
783 3355 827 3408 vel
842 3354 990 3425 primores,
1011 3356 1056 3407 rel
1070 3356 1115 3425 qui
1130 3355 1194 3408 boni
1213 3371 1271 3408 esse
1291 3355 1411 3410 debeant
1423 3355 1442 3409 i.
1457 3374 1481 3409 e.

345 3435 462 3492 homiues
473 3439 633 3510 honoribus,
648 3442 849 3510 magistratibus
860 3441 971 3509 dignes,
987 3449 1124 3493 senatores
1136 3441 1283 3510 significari
1294 3449 1382 3510 putat.
1406 3442 1484 3506 Quod

343 3520 495 3591 Porphyris
509 3525 621 3578 Barium
639 3527 745 3592 „locum
758 3525 786 3579 in
806 3526 915 3580 Sabinis
929 3523 1128 3580 celeberrimum
1142 3528 1227 3595 ιιςτοιι
1249 3525 1332 3595 dicit,
1350 3529 1482 3582 Asceuaiua

344 3606 413 3674 vult,
427 3607 549 3661 dimissos
560 3627 620 3662 esse
634 3611 748 3683 quinque
761 3612 822 3665 illos
837 3613 870 3665 ab
882 3611 928 3664 illo
943 3611 1029 3678 agello
1041 3611 1082 3664 ire
1093 3613 1210 3666 Romam.
1236 3611 1318 3668 Burin
1329 3621 1416 3666 antem
1427 3613 1445 3666 i.
1457 3629 1482 3664 e.

345 3709 420 3762 „per
442 3694 563 3762 Barium,
589 3713 642 3748 non
666 3697 850 3750 alliciebantur
875 3697 1033 3750 celebritate
1056 3697 1127 3750 illius
1152 3697 1219 3763 loci,
1248 3699 1368 3750 contenti
1392 3697 1477 3768 agello

344 3780 422 3831 meo“
433 3787 485 3832 etc.
500 3778 652 3832 Ablativum
666 3783 794 3850 Crupuius
809 3800 914 3854 quoque
926 3783 1033 3852 probat,
1049 3782 1144 3852 „quasi
1159 3800 1225 3852 ager
1238 3781 1284 3834 ille
1298 3781 1407 3837 Romam
1420 3784 1479 3836 ruit-

344 3869 404 3916 tere
418 3865 518 3918 soleret
532 3865 679 3920 Senatores
692 3865 825 3922 Romanos
840 3887 888 3938 per
902 3867 1022 3921 viatores
1036 3866 1195 3936 arcessitos,
1216 3867 1239 3920 si
1254 3869 1359 3937 quando
1375 3887 1390 3922 e
1405 3883 1483 3938 repu-

344 3947 416 4002 bliea
430 3951 494 4019 quid
508 3950 673 4006 statuendum
688 3961 776 4021 esset,
793 3954 864 4009 land.
880 3955 957 4006 Pers.
973 3957 1003 4022 1,
1017 3948 1061 4007 74.
1076 3951 1146 4007 75.“
1175 3952 1314 4007 Mamilius
1325 3962 1418 4023 potres
1434 3969 1482 4024 pro
1544 4009 1551 4026 ⁸

345 4034 431 4089 servis
452 4035 524 4105 frugi
542 4035 637 4104 babet,
664 4055 730 4108 quos
753 4038 858 4091 villicus
880 4037 985 4091 Barium
1009 4039 1043 4092 ad
1066 4039 1167 4092 fructus
1186 4037 1342 4091 vendendos
1364 4039 1481 4100 emittat3

345 4122 486 4176 Glabotius
501 4139 550 4192 pro
565 4121 680 4191 quinque
694 4120 867 4177 sanctissimis
884 4123 1101 4195 gravissimisque
1117 4125 1197 4191 viris,
1219 4123 1264 4193 qui
1277 4122 1341 4176 inde
1353 4124 1482 4194 prodeant

344 4207 389 4258 rel
404 4207 437 4260 ad
452 4207 648 4288 consultupdum
660 4208 692 4261 de
712 4209 851 4278 republica
870 4208 1027 4262 Sabinorum
1048 4211 1092 4262 rel
1110 4211 1144 4261 ad
1159 4209 1340 4278 magistratum
1360 4208 1415 4261 illic
1434 4223 1481 4274 ge-

303 4283 310 4304 *
344 4291 468 4360 rendum3
485 4295 615 4346 Gesocrus
629 4311 679 4363 pro
697 4295 870 4364 municipibus
883 4301 929 4346 aut
944 4293 1172 4361 colonis'Varias,
1188 4294 1348 4363 singularmu
1361 4291 1480 4346 villarum

346 4373 475 4444 dominis,
501 4379 596 4432 Variae
621 4379 782 4434 contributis
809 4379 867 4432 sire
891 4379 1044 4450 adscriptis.
1088 4380 1124 4432 Ei
1149 4381 1297 4432 assentitur
1323 4377 1481 4434 Weicbsrtus

346 4458 387 4526 (p.
403 4461 470 4527 81.).
497 4463 599 4519 Contra
615 4467 779 4538 Rappoltus,
793 4465 936 4536 praeteriti
958 4465 1063 4536 quddam
1076 4465 1204 4535 temporis
1225 4481 1282 4518 cum
1297 4462 1414 4536 Cruquio
1428 4479 1481 4516 nou
