3372 5328
166 483 212 550 41·
237 479 459 543 conemur.
475 476 625 540 maon.
634 473 709 539 niu.
719 475 743 534 1.
771 469 1197 543 monacensem.
1238 472 1299 539 201

165 673 239 732 binis
257 671 340 746 olim,
359 685 431 728 nunc
444 668 522 726 vicus
541 666 688 726 imminens
703 663 825 726 Anieni‘
845 667 988 745 pertinent
1003 681 1075 742 qnae
1095 683 1183 744 porro
1200 665 1300 742 legun-

165 781 211 834 tur
227 773 263 832 ad
280 791 307 832 v.
318 773 399 852 focis
414 771 499 830 verba
518 769 696 830 scholiastae
712 769 814 846 Cruq.:
836 770 898 847 „ad
913 775 1043 828 octavum
1056 765 1180 844 lapidem
1193 763 1301 845 uiuat

164 875 258 936 Tibur
274 875 303 932 in
322 875 369 934 via
387 874 506 938 Valeria.
541 873 718 932 Valerienses
736 873 823 948 igitur
842 877 989 932 senatores
1003 869 1124 947 agellum
1139 887 1219 928 suum
1232 889 1302 949 pos-

166 977 275 1038 sedisse
297 976 467 1054 significat.“
498 973 543 1034 De
561 976 658 1036 Varia
673 977 785 1048 eutem,
806 971 890 1033 hodie
913 973 1100 1052 ‚saco-varo
1120 973 1140 1034 8
1161 971 1177 1032 i
1199 974 1218 1034 9
1239 972 1302 1030 mil·

165 1079 206 1139 les
221 1097 257 1136 au
271 1078 373 1136 dessus
391 1079 428 1149 de
440 1075 536 1135 Tivoli
553 1095 603 1134 sur
619 1095 674 1135 une
693 1073 794 1133 colline
813 1078 869 1154 qui¹
880 1083 926 1134 est
940 1076 956 1136 h
972 1075 1092 1134 l'entree
1108 1073 1144 1132 dc
1164 1073 1192 1132 la
1212 1074 1301 1136 vallee

164 1182 202 1240 de
212 1178 348 1254 Licenra,
363 1178 467 1257 qu'elle
476 1180 589 1238 domine
599 1175 850 1252 naturellement,“
863 1183 930 1256 post
944 1177 1120 1254 Capmartin
1131 1175 1167 1233 de
1177 1175 1303 1255 Chaupy

164 1280 366 1360 „Decouverte
387 1280 468 1340 dela
487 1281 616 1338 maison“
631 1285 685 1338 etc.
706 1277 756 1338 lll.
775 1299 805 1357 p.
827 1281 888 1343 198
902 1311 941 1323 -
958 1282 1028 1344 212.
1050 1277 1114 1338 coll.
1135 1277 1157 1337 l.
1183 1298 1212 1357 p.
1229 1278 1300 1342 341.

164 1385 311 1464 disputant
334 1383 414 1452 Fra,
445 1377 644 1451 Scintillae.
667 1379 807 1438 Ditntw
835 1381 872 1440 ed
898 1379 928 1439 h.
954 1380 972 1440 1.
1004 1387 1034 1440 et
1063 1379 1241 1439 Schwahius
1268 1382 1303 1440 ad

163 1607 316 1674 immemor,
336 1605 411 1676 ipsos
430 1605 564 1658 ltomancs
583 1603 667 1657 sentit
686 1610 838 1672 senatores,
859 1605 905 1676 qui
923 1604 984 1659 olim
1003 1603 1057 1659 illis
1072 1605 1099 1658 in
1115 1605 1187 1674 agris
1207 1605 1304 1674 exigno

165 1681 288 1746 eonterlti
305 1691 389 1744 vitain
412 1689 519 1759 egerint
541 1694 570 1742 et
591 1688 697 1760 publico
718 1690 790 1744 urbis
808 1690 912 1744 vicinae
933 1693 1045 1746 consilio
1065 1692 1101 1746 ad
1121 1691 1305 1761 dijudicandas

163 1796 262 1832 causas
276 1777 321 1830 vel
335 1777 397 1830 lites
413 1775 601 1828 discunendas
615 1776 716 1830 luerint
728 1776 826 1829 emissi.
853 1775 925 1829 Mira
939 1793 1004 1830 sane
1017 1785 1046 1831 et
1066 1779 1099 1830 ab
1112 1777 1305 1848 interpretibus

164 1864 294 1932 neglecte
306 1861 405 1916 Baucri
414 1861 448 1914 ad
463 1859 565 1914 Sanctii
579 1860 694 1914 hlinerr.
706 1861 743 1914 lI.
760 1879 788 1932 p.
805 1861 866 1915 197.
881 1861 971 1932 opinio
986 1869 1042 1930 est,
1065 1879 1117 1932 qna
1128 1862 1169 1916 ibi
1184 1863 1307 1917 habitare

164 1949 292 2001 dicuntur
311 1946 449 2016 „quinque
463 1953 555 2016 patres
569 1945 695 2014 familias,
717 1945 861 2016 municipes
877 1954 905 2000 et
920 1947 993 2002 cives
1007 1947 1133 2016 Romani,
1152 1949 1198 2020 qui
1213 1967 1246 2002 ex
1259 1949 1306 2002 illo

164 2034 228 2087 vico
242 2033 351 2086 Romam
364 2031 405 2085 ire
419 2031 539 2100 soleant,
559 2033 606 2084 nbi
623 2031 752 2099 suffragia
764 2033 853 2084 lerant
866 2031 892 2084 in
907 2031 981 2087 tribu
999 2033 1096 2102 Varia,
1112 2035 1186 2102 eujus
1199 2034 1239 2088 illi
1250 2035 1307 2087 lue-

163 2119 255 2172 rint.⁴‘
280 2117 311 2170 In
326 2117 470 2184 „Verium“
484 2117 566 2186 igitur
579 2117 607 2170 ira
617 2117 696 2186 jubet
705 2114 834 2186 iutellig13
849 2123 877 2170 at
890 2118 976 2172 tribus
988 2119 1070 2172 Varia
1084 2118 1155 2172 nulla
1169 2125 1221 2172 est.
1242 2119 1306 2174 Vid.
1369 2167 1379 2176 .

164 2203 256 2268 Orell.
269 2202 353 2256 lnscr.
368 2202 405 2257 ll.
419 2219 447 2272 p.
462 2205 505 2258 27.
530 2201 618 2256 Aliter
629 2201 782 2257 Dominicua
802 2205 834 2256 dc
846 2205 952 2258 Serme
964 2205 992 2258 in
1007 2203 1210 2258 Dissertasione
1227 2219 1309 2276 sopra

163 2289 233 2344 villa
247 2287 276 2359 di
291 2287 390 2342 erario
404 2287 502 2342 Flacco
518 2289 607 2356 (Rom.
623 2289 705 2360 1768)
719 2306 747 2358 p.
763 2290 790 2343 7.
810 2289 975 2342 Sententiam
997 2296 1084 2344 autem
1099 2291 1178 2360 plane
1194 2289 1310 2344 elambat

166 2375 359 2430 Wulclrenaer:
374 2373 516 2442 „Honndte
529 2377 625 2442 gerant
639 2374 673 2426 de
688 2373 808 2441 echeis,
823 2373 857 2426 de
871 2393 902 2428 oe
915 2377 986 2445 petit
1000 2373 1122 2430 demaine
1138 2374 1183 2445 qui
1196 2393 1238 2428 me
1248 2393 1310 2428 ren-

164 2461 233 2514 dent
244 2458 432 2526 bruci-mime,
447 2467 476 2512 tu
488 2459 527 2528 t’y
542 2458 643 2528 deplaie
659 2457 747 2512 donci
766 2459 862 2512 Est-ce
876 2479 958 2530 parce
974 2479 1024 2533 qne
1040 2461 1066 2515 le
1080 2461 1190 2516 harneau
1200 2463 1244 2526 n’a
1258 2477 1310 2532 qne

165 2547 230 2618 cinq
241 2545 323 2612 leux,
339 2553 367 2598 et
379 2545 500 2598 n’envoie
512 2547 528 2598 1
542 2543 624 2598 Varia
635 2560 685 2615 que
696 2545 758 2614 cinq
769 2548 847 2614 peres
860 2545 893 2599 de
904 2547 1043 2602 lamille“1
1058 2547 1167 2600 Rectius
1181 2566 1195 2599 e
1207 2555 1311 2600 nostra-

163 2633 241 2686 tibus
257 2639 367 2702 praeter
381 2630 447 2684 elios
460 2631 594 2686 Giinther:
609 2629 683 2698 „Das
696 2631 732 2683 du
746 2633 915 2701 veracitet,
931 2635 1044 2687 ottobon
1057 2631 1119 2686 liinf
1126 2632 1311 2686 Peucestellen

163 2717 245 2772 daria
260 2716 335 2783 sind,
350 2715 461 2769 Welche
474 2717 543 2770 nach
556 2709 637 2768 Van'a
650 2724 723 2769 ronst
736 2715 798 2769 mnf
808 2717 928 2788 stinftr'ge
942 2719 1058 2772 Minner
1071 2718 1243 2787 gestellten.“

242 2831 272 2900 *)
288 2833 425 2903 Deceptus
439 2835 488 2888 hac
502 2851 532 2888 re
550 2833 704 2888 Torrentius
720 2841 776 2901 est,
793 2851 939 2906 quanquam
953 2837 1040 2890 refert
1053 2841 1197 2890 memoratu
1216 2835 1311 2904 dignae

162 2920 227 2990 „lle
244 2917 408 2972 Sabinorum
422 2924 509 2971 eutem
525 2917 580 2970 situ
592 2917 664 2969 inter
679 2919 745 2972 alios
761 2919 863 2974 Plinius
874 2919 900 2988 8,
916 2923 958 2974 12.
980 2923 1068 2990 Atque
1082 2921 1149 2973 adeo
1164 2937 1233 2973 nnnc
1248 2935 1313 2989 quo-

163 3024 219 3078 que
235 3005 312 3056 inter
326 3001 414 3056 Tibur
428 3012 457 3056 et
470 3003 617 3056 Praeneste
630 3002 704 3056 locus
718 3009 825 3057 estnon
839 3006 998 3072 incelebris,
1019 3007 1065 3075 qui
1078 3003 1154 3058 Italis
1175 3003 1235 3056 Vico
1248 3019 1314 3055 occo

164 3089 338 3163 appellatura
367 3105 419 3159 quo
439 3087 487 3154 fit,
508 3094 539 3140 ut
558 3085 662 3140 lucilius
684 3089 790 3142 credam
812 3089 922 3144 Horatii
943 3089 1032 3144 villam
1052 3089 1088 3142 ad
1101 3095 1224 3142 octavum
1243 3088 1315 3140 ultra

163 3178 258 3231 Tibur
274 3173 392 3244 lupidom
406 3173 489 3225 luisse
503 3180 533 3225 et
546 3173 651 3244 quidem
665 3173 710 3226 via
721 3173 845 3244 Valeria,
861 3173 884 3228 si
898 3175 986 3228 veteri
1000 3174 1042 3228 hic
1054 3174 1163 3230 Scholia
1174 3173 1314 3228 credimus.

165 3262 240 3326 Quin
257 3265 288 3313 et
302 3257 403 3313 incolae
418 3259 581 3312 affirmantes
597 3257 700 3326 audivi,
723 3267 817 3312 extare
831 3259 916 3314 adhuc
929 3261 1046 3330 vestigia
1060 3257 1088 3312 in
1110 3279 1218 3333 omnpo,
1240 3275 1315 3330 quem

163 3347 305 3416 hodieque
320 3345 460 3398 Hecatam
471 3345 591 3398 vocant“
606 3349 659 3398 etc.
687 3343 725 3398 lc
738 3344 900 3415 praediolum
914 3347 1088 3401 Horatianum
1102 3351 1172 3399 teste
1187 3347 1315 3416 capracc-

162 3433 229 3486 tinio
250 3430 319 3501 (lll.
334 3447 363 3499 p.
378 3432 403 3482 1.
419 3431 462 3498 2.)
483 3430 508 3482 V
522 3429 559 3483 Μ.
574 3429 605 3484 P.
622 3426 732 3483 eVarie
752 3431 878 3484 distabat.
898 3432 977 3490 Cuul.
993 3433 1107 3486 Excurs.
1131 3433 1166 3485 ad
1184 3428 1274 3501 Epist.
1288 3432 1315 3498 8,

165 3520 210 3574 12.
226 3535 255 3588 p.
270 3513 317 3572 28.
342 3515 384 3566 De
400 3515 482 3569 Varia
496 3515 610 3585 oppido,
626 3515 698 3585 qaod
712 3533 778 3568 cave
793 3533 849 3570 cum
867 3515 973 3570 Valeria
989 3512 1093 3590 (strab.
1108 3513 1142 3584 5,
1157 3517 1183 3570 a.
1206 3533 1234 3586 p.
1249 3515 1314 3583 886)

167 3601 321 3657 confundas
336 3600 384 3666 (0.
399 3601 476 3653 Pasa.
492 3601 528 3653 N.
542 3602 622 3668 228),
645 3602 715 3655 conl.
732 3601 837 3672 Zumpt.
861 3603 1049 3671 ap.W1istem.
1065 3621 1092 3672 p.
1107 3603 1150 3656 17.
1173 3599 1314 3654 Welclcen.

164 3691 187 3743 l.
209 3706 240 3758 p.
256 3681 323 3740 418.
345 3685 498 3754 Westphal.
523 3685 599 3752 „Die
613 3683 690 3739 ltin.
705 3687 897 3758 Kumpagne.“
917 3707 945 3758 p.
965 3687 1143 3757 115.120cq.
1161 3688 1187 3742 J.
1202 3687 1228 3743 J.
1246 3687 1317 3738 Ger·

165 3773 258 3842 ning's
274 3771 360 3824 Reiae
374 3769 457 3823 durch
474 3770 651 3848 Oeeterreich
665 3771 718 3823 und
731 3773 847 3825 ltalien“
870 3773 918 3826 Ill.
931 3791 959 3844 p.
972 3775 1032 3828 179.
1056 3773 1171 3826 Sickleri
1187 3769 1315 3840 „flando

165 3859 218 3912 der
232 3859 283 3912 alt.
300 3857 426 3926 Geogr.“
440 3859 463 3910 l.
479 3873 506 3926 p.
519 3855 581 3911 877.
595 3863 623 3908 et
637 3856 755 3923 ejusdem
773 3857 945 3928 „Erilirung
960 3857 1007 3911 der
1024 3859 1059 3914 30
1074 3859 1167 3912 Bilder
1181 3874 1215 3910 au
1228 3857 1316 3910 Hore-

166 3961 234 4000 seas
251 3943 393 3995 werkce‘
408 3959 436 4011 p.
454 3944 488 3995 10
500 3969 537 3982 -
552 3945 593 3996 12.
605 3943 716 4010 repetit.
731 3961 747 3994 e
760 3941 935 3996 Branuhardo
949 3943 976 3996 in
990 3943 1047 3998 Ind.
1065 3963 1091 4015 p.
1108 3945 1211 4013 203eq.
1233 3941 1317 3995 Eich-

124 4087 134 4106 ·
166 4029 232 4083 holz
254 4029 283 4080 in
298 4027 402 4080 llauffii
415 4027 548 4095 Philolog.
570 4028 605 4080 ll.
625 4029 650 4078 1.
673 4043 699 4097 p.
715 4027 775 4082 153.
800 4029 921 4082 Diintner
940 4031 981 4099 (p.
996 4025 1074 4098 418.)
1095 4029 1187 4082 laudat
1206 4027 1316 4082 Miillerl

167 4113 372 4184 ‚‚Campagna“
387 4114 409 4177 Ι,
426 4113 476 4166 282
487 4129 529 4182 sq.
547 4111 608 4165 coll.
621 4112 680 4166 278.
692 4119 720 4164 et
730 4113 801 4173 Gen,
811 4113 833 4181 I,
851 4117 954 4185 1101q.
974 4115 1078 4168 Errant
1091 4121 1177 4168 auteur
1188 4113 1233 4184 qui
1247 4113 1317 4164 oium

170 4197 357 4254 Valeriemcm
378 4195 485 4262 (Streb.
508 4196 540 4265 5,
555 4198 582 4251 3.
597 4213 625 4266 p.
637 4195 714 4265 ³85.)
737 4199 771 4250 ab
791 4201 856 4252 urbe
882 4199 988 4254 Valeria
1002 4201 1193 4254 denominatam
1212 4201 1316 4266 putant,

168 4301 250 4356 quum
270 4281 347 4335 illam
368 4295 439 4334 suarn
458 4284 586 4352 originem
606 4283 705 4336 debere
719 4283 826 4338 Valerio
841 4285 956 4338 Maximo
974 4285 1049 4354 (hir.
1064 4287 1096 4355 9,
1109 4281 1160 4351 43,
1177 4281 1224 4349 25)
1241 4283 1318 4332 recte

166 4373 222 4440 jarn
238 4367 432 4422 observaverit
449 4369 601 4422 Dominicas
621 4366 654 4421 de
675 4361 781 4424 Salamis
804 4389 831 4440 p.
843 4370 904 4436 81,
928 4387 1039 4441 quocum
1052 4371 1087 4424 el.
1106 4369 1202 4438 steph.
1217 4365 1318 4418 Cabral

170 4463 201 4509 et
213 4455 314 4512 Faust,
330 4449 375 4504 del
393 4453 443 4506 Re’
461 4453 556 4520 „Delle
571 4453 659 4508 Ville“
671 4462 722 4508 etc.
744 4455 820 4509 Rom.
837 4456 914 4512 1779.
930 4473 958 4526 p.
971 4459 1021 4512 108
1031 4455 1144 4508 -110·
1165 4449 1317 4521 Westphtl·
