3380 5324
642 1470 1273 1588 COMMENTARII

933 1732 980 1786 u

382 1937 574 2011 nunaut}
598 1935 688 2008 ΗΒ.
711 1936 741 2006 1.
787 1931 1056 2009 tartaronum
1078 1931 1276 2009 ΒΕΧΊἋΜ
1298 1929 1526 2005 tinemuta

385 2411 552 2522 Quintius,
581 2445 710 2523 quisquis
730 2445 801 2522 luit,
831 2441 906 2503 baud
929 2435 1019 2504 'dubie
1041 2441 1327 2505 honorificentissimo
1348 2461 1467 2504 munere
1486 2447 1529 2501 ut-

384 2553 454 2628 pote
472 2545 642 2606 adolescens
664 2545 756 2606 bouae
778 2546 840 2625 spei
866 2553 983 2605 ornatus
1005 2551 1082 2622 erat,
1109 2553 1142 2606 ut
1164 2547 1287 2606 omnium
1307 2549 1335 2606 iu
1356 2565 1389 2606 se
1409 2563 1529 2606 eonver-

385 2650 454 2710 terit
473 2669 524 2708 ora
545 2654 576 2706 et
595 2667 614 2706 a
634 2645 741 2728 populo
765 2665 870 2724 magno
892 2645 1000 2706 honore
1021 2653 1160 2707 mactatus
1184 2655 1214 2708 et
1232 2669 1288 2727 pro
1307 2648 1421 2709 bomine
1439 2649 1531 2708 sortu-

385 2761 453 2814 nato
473 2751 586 2812 babitus
607 2751 654 2808 sit.
696 2749 724 2808 Is
753 2749 840 2827 igitur
861 2767 964 2826 magua
990 2747 1181 2811 familiaritate
1200 2771 1262 2810 eom
1281 2751 1419 2828 Horatio,
1441 2767 1528 2829 quau·

386 2871 470 2934 quam
496 2859 566 2912 natu
593 2851 717 2930 majore,
743 2854 859 2930 junctus
886 2849 934 2910 illo
961 2850 1053 2910 bonae
1080 2849 1173 2910 lamae
1199 2869 1357 2932 consensu,
1385 2871 1443 2931 quo
1470 2869 1531 2911 eum

386 2975 456 3018 aura
480 2954 626 3035 popularis
651 2951 894 3032 prosequebatur,
921 2953 959 3012 sd
981 2954 1117 3030 majorem
1137 2951 1181 3011 sui
1203 2951 1333 3012 fiduciam
1358 2953 1450 3013 elatum
1470 2970 1531 3012 esse

386 3057 514 3132 videtur,
537 3055 621 3113 utin
643 3053 828 3116 multitudinis
849 3056 962 3134 quidem
977 3056 1082 3135 judicio
1103 3053 1217 3112 nimium
1235 3074 1344 3133 ponere
1370 3063 1458 3133 atque
1483 3073 1532 3114 ex·

387 3161 527 3222 trinsecus
545 3157 619 3218 bene
639 3163 687 3215 aut
707 3157 779 3216 male
802 3159 915 3218 vivendi
935 3177 1091 3238 suspensus
1110 3155 1216 3216 babere
1232 3156 1357 3217 rationes
1378 3157 1532 3218 videretur.

386 3261 486 3320 Amico
515 3260 603 3337 igitur
629 3259 816 3318 amicissimus
845 3259 955 3337 Poeta,
988 3278 1062 3337 quae
1091 3259 1144 3318 fuit
1171 3261 1232 3336 ejus
1261 3259 1375 3320 dicendi
1404 3257 1533 3336 libertas,

387 3379 482 3422 veram
508 3367 650 3419 monstrat
677 3359 769 3436 mam,
798 3361 945 3439 imperitae
971 3359 1141 3421 multitudini
1169 3378 1206 3419 aa
1232 3360 1296 3437 quis
1327 3359 1357 3418 in
1384 3366 1534 3439 utramque

387 3469 499 3541 partem
526 3461 644 3521 multum
674 3461 779 3521 tribuat
805 3479 908 3523 aavetts
935 3470 966 3523 et
992 3461 1105 3520 laudem
1129 3462 1188 3520 veri
1217 3463 1355 3541 sapientis
1381 3480 1445 3522 eam
1473 3469 1534 3522 sta·

389 3571 490 3638 urens,
512 3581 569 3640 qua
590 3564 652 3640 quis
674 3567 753 3622 totus
775 3570 858 3644 aptus
881 3565 919 3640 sit
939 3585 973 3624 ex
997 3582 1063 3624 sese
1083 3569 1169 3641 atque
1188 3563 1218 3622 iu
1239 3583 1271 3624 se
1293 3584 1349 3623 uuo
1372 3585 1426 3625 sua
1445 3569 1535 3646 ponat

389 3661 493 3725 omnia.
536 3661 599 3722 Huc
625 3661 754 3743 aceedit,
782 3664 859 3743 quod
880 3663 1016 3723 Horatius
1040 3665 1146 3724 nullum
1167 3666 1227 3725 lere
1248 3669 1441 3745 praetermisit
1460 3675 1535 3728 tem·

387 3783 460 3844 pus,
483 3782 558 3840 quo,
588 3771 620 3824 ut
640 3765 693 3824 sibi
721 3767 775 3846 ipsi
803 3768 840 3827 de
867 3766 952 3825 rebus
981 3767 1155 3843 gravissimis
1182 3769 1320 3843 cogitanti
1346 3769 1535 3848 satisfaceret,

388 3874 449 3927 tum
475 3863 673 3943 familiaribus,
701 3875 762 3928 tum
789 3867 954 3947 aequalibus
983 3867 1042 3926 suis
1068 3868 1222 3928 salubriter
1248 3873 1426 3951 praeciperet
1449 3881 1536 3953 atque

389 3986 442 4044 ea,
463 3985 536 4045 quae
557 3967 587 4026 in
607 3969 664 4026 vita
684 3975 734 4029 aut
761 3971 873 4049 privata
898 3977 947 4029 aut
973 3969 1088 4050 publica
1113 3980 1279 4051 agerentur,
1304 3975 1342 4034 ad
1367 3995 1428 4035 rem
1455 3993 1536 4036 suam

388 4069 460 4130 saite
481 4071 718 4128 accommodaret.
762 4073 827 4142 Qua
847 4073 885 4131 de
907 4090 993 4130 eausa
1014 4073 1043 4130 iu
1068 4074 1141 4133 bauo
1164 4075 1202 4134 de
1226 4075 1403 4155 virobono,
1428 4079 1458 4138 iu
1478 4097 1537 4156 quo

389 4171 502 4231 nomine
531 4169 680 4249 largiendo
712 4173 812 4231 nimius
842 4177 872 4231 et
899 4179 1033 4252 tauquam
1059 4177 1196 4255 prodigus
1223 4177 1276 4236 fuit
1301 4179 1422 4260 populus
1452 4179 1536 4258 levis,

390 4273 565 4351 exspatiatur
586 4272 745 4351 elegantem
766 4273 1004 4352 disputationem,
1033 4278 1062 4336 iu
1082 4297 1167 4356 quam
1187 4285 1320 4357 tauquam
1340 4280 1368 4339 iu
1389 4279 1536 4359 speculum

389 4375 462 4432 vitas
480 4375 603 4432 omnium
622 4375 763 4453 inspicere
781 4375 871 4454 jubet.
915 4377 995 4446 Quae
1016 4397 1060 4443 vv.
1089 4378 1202 4444 1-16.
1227 4381 1373 4459 dicuutur,
1393 4383 1434 4441 iu
1455 4401 1537 4444 eom·

391 4479 491 4552 parata
512 4482 589 4554 sunt,
609 4483 642 4535 ut
662 4476 769 4536 Poetae
792 4478 878 4538 vitam
898 4477 1010 4540 beatam
1031 4483 1060 4540 in
1081 4481 1167 4543 rebus
1190 4485 1315 4544 externis
1336 4486 1356 4546 i.
1374 4503 1401 4546 e.
1419 4484 1451 4544 iu
1469 4484 1536 4546 villa

392 4573 499 4638 Sabina
529 4581 613 4640 sitam
644 4579 812 4658 significent.
863 4580 908 4642 td
940 4584 1060 4646 eandem
1090 4585 1315 4666 amplectendam
1347 4587 1389 4648 ita
1418 4589 1536 4650 amiomo
