3426 5334
357 437 423 504 490
464 441 672 503 ΟΟΜΜΕΝΤ.
685 441 728 502 lN
741 441 834 502 flos.
855 439 930 500 LlB.
945 441 966 500 1.
993 439 1118 502 EPIST.
1132 441 1409 504 UNDEVlCRSllL
1450 442 1509 506 142

441 611 504 670 Jam
527 611 638 688 videte,
659 610 803 686 quomodo
824 612 993 689 interpretes
1011 611 1175 689 opusculum
1196 613 1340 690 egregium
1357 611 1509 670 lacerariut

359 719 388 772 et
416 710 587 790 disjecerint.
641 709 685 770 De
714 713 858 771 sententia
894 712 1133 770 Scholiastorum
1161 713 1296 773 Horatius
1319 715 1510 792 pragmatiam

358 833 455 890 snam,
486 815 505 872 i.
527 833 553 872 e.
575 831 690 872 causam
711 815 875 891 proposuit,
903 820 1020 892 propter
1048 835 1133 892 quam
1158 817 1353 896 composuerit
1373 817 1510 892 carmina,

358 917 394 974 de
414 915 555 975 sententia
579 914 705 993 Cruquii
727 915 866 974 deternrit
892 916 1086 976 Maecenatem
1112 915 1148 974 ab
1176 916 1279 996 ineptis
1301 917 1345 975 sui
1371 917 1508 995 temporis

358 1017 471 1092 Poetis,
492 1019 541 1095 qui
563 1017 699 1093 Cratino,
724 1017 868 1090 Homero,
896 1017 1045 1096 Ennioque
1065 1019 1228 1078 auctoribus
1248 1039 1306 1078 non
1324 1037 1433 1096 aquae,
1455 1018 1508 1074 sed

357 1118 413 1175 vini
440 1120 557 1195 potione
583 1119 706 1196 largiore
733 1119 910 1179 censuissent
936 1139 1009 1197 opus
1037 1139 1102 1179 esse
1131 1123 1168 1179 ad
1192 1121 1301 1200 poesim
1327 1118 1508 1179 scribendam

357 1220 482 1298 posteris
509 1220 685 1299 plausibilem
711 1227 780 1294 etc,
809 1221 847 1281 de
867 1219 1010 1278 sententia
1037 1221 1201 1298 Stephani,
1228 1241 1312 1299 quam
1338 1223 1399 1280 fere
1426 1241 1508 1279 surun

357 1321 487 1380 lecerunt
508 1322 701 1401 Rappoltua,
735 1323 903 1392 Dares-ries,
925 1323 1057 1379 Zeunius
1076 1330 1105 1381 et
1125 1323 1257 1382 Botlriue
1266 1364 1277 1392 ,
1298 1323 1390 1382 Poeta
1410 1322 1508 1382 Venu-

357 1424 436 1481 sinus
449 1424 569 1501 primum
584 1425 760 1504 quorundam
775 1425 803 1482 in
821 1423 964 1482 imitandis
981 1425 1056 1482 vitiis
1070 1425 1259 1504 potiusquam
1276 1425 1426 1484 virtutibus
1445 1431 1507 1482 sto-

357 1525 434 1582 dium
447 1527 645 1602 reprehendit,
662 1527 765 1586 deiude
777 1527 916 1584 rationem
931 1527 1074 1602 reddidit,
1090 1545 1140 1586 cur
1154 1525 1190 1604 ii,
1205 1525 1253 1603 qui
1267 1524 1402 1584 librorum
1414 1525 1507 1603 ipsios

357 1625 478 1684 lectione
493 1629 569 1686 domi
591 1629 799 1689 delectarentur
822 1647 932 1706 eosque
950 1627 1113 1703 laudarent,
1135 1627 1206 1686 foris
1225 1627 1344 1686 eosdem
1363 1628 1507 1703 vitupera-

357 1734 430 1785 rent.
474 1727 554 1788 llanc
581 1731 750 1790 sententiam
771 1730 811 1790 ita
831 1736 1025 1809 temperarunt
1056 1729 1237 1788 Seuerianus
1258 1734 1288 1786 et
1313 1725 1507 1804 Deseruere,

357 1838 387 1888 ut
402 1830 568 1907 Horatium,
590 1839 742 1911 propterea
761 1831 837 1909 quod
855 1834 914 1910 jam
935 1833 983 1892 diu
1004 1833 1076 1890 inter
1094 1838 1195 1911 poetas
1215 1830 1318 1906 lyricos
1335 1831 1439 1908 primas
1462 1843 1506 1888 re·

356 1933 483 2008 unisset,
505 1933 600 2011 plures
622 1952 727 2011 eosque
745 1935 859 2013 ineptos
876 1935 920 1994 sui
938 1933 1072 1993 habuisse
1093 1935 1222 1994 dicerent
1241 1933 1396 1990 imitatores
1412 1937 1440 1989 et
1463 1933 1507 1988 in-

355 2033 454 2110 vidos,
475 2035 524 2112 qui
545 2034 659 2112 quidem
680 2035 772 2114 ipsum
792 2042 850 2094 tarn
870 2036 1020 2096 immodica
1034 2037 1167 2116 snperbia
1187 2042 1217 2094 et
1237 2035 1381 2117 pdeorlp
1400 2033 1505 2092 elatum

356 2136 550 2208 dictitassent,
571 2141 602 2193 ut
623 2135 753 2212 neglecto
772 2146 919 2216 poetarum
934 2139 1110 2197 recitantium
1130 2143 1213 2196 coetu
1232 2155 1331 2196 versus
1354 2155 1423 2194 suos
1441 2142 1503 2194 tan·

355 2243 413 2296 tum
435 2236 608 2316 principibus
635 2239 701 2296 viris
721 2237 855 2316 legisset3
882 2241 919 2297 de
947 2238 1002 2297 illis
1030 2239 1143 2316 quidem
1164 2239 1309 2313 docuisse,
1335 2239 1364 2295 in
1385 2255 1441 2315 qua
1462 2259 1504 2314 re,

354 2341 372 2397 i.
396 2359 421 2402 e.
441 2340 470 2398 in
491 2339 593 2416 quibus
618 2340 785 2415 virtrrtibus,
817 2341 945 2401 Graecos
969 2343 1090 2400 imitatus
1120 2347 1149 2398 et
1175 2361 1232 2418 quo
1254 2347 1337 2420 pacto
1358 2340 1421 2418 ipse
1443 2341 1504 2399 irni-

354 2442 457 2498 tandus
481 2447 575 2515 esset,
595 2442 632 2500 de
653 2440 696 2500 bis
714 2461 812 2502 causas
834 2444 955 2504 invidiae
976 2443 1130 2522 aperuisse.
1163 2443 1209 2501 Ab
1228 2443 1282 2501 illis
1300 2443 1503 2522 interpretibus

354 2543 436 2620 qrrasi
465 2543 571 2619 pendet
605 2543 821 2617 Wehade'ue,
853 2565 938 2623 quem
968 2546 1114 2606 mmmm
1143 2553 1254 2624 partem
1284 2543 1506 2625 Habsrseiu'rra

357 2642 550 2715 Sedmidiua,
575 2643 778 2706 Wabkmeo
796 2646 847 2724 (ll.
869 2666 899 2725 p.
921 2645 984 2712 352
1003 2645 1081 2724 sqq)
1102 2651 1274 2722 seqrrnntnr,
1303 2653 1335 2705 ut
1351 2649 1441 2728 ipius
1461 2649 1502 2707 rei

354 2746 449 2824 capite
468 2751 499 2804 et
516 2746 595 2808 iente
617 2767 676 2808 non
693 2749 807 2810 invento
829 2750 942 2828 singula
962 2757 1069 2812 hatum
1089 2748 1238 2826 ingeniose
1258 2752 1435 2809 contexuerit
1457 2761 1502 2810 at·

353 2869 410 2927 que
430 2849 539 2910 erudite
563 2849 765 2928 explanaverit.
812 2853 981 2912 Wriebsrto
1009 2851 1119 2931 (Leuat.
1138 2849 1273 2910 Venusin.
1301 2871 1330 2928 p.
1349 2851 1406 2930 72)
1433 2851 1503 2912 hec

351 2949 483 3029 Epistola
504 2951 727 3014 obtrectatorum
747 2974 851 3030 aarum,
878 2975 997 3034 quorum
1019 2953 1136 3012 stultitia
1160 2958 1190 3010 et
1215 2951 1375 3027 malignitas
1395 2961 1501 3013 stome-

353 3053 435 3114 clrun
455 3053 577 3113 Horatio
599 3053 728 3130 iecisset,
752 3057 776 3118 si
797 3076 855 3116 uon
875 3058 1001 3136 scripta,
1022 3062 1100 3118 certe
1121 3055 1149 3112 in
1171 3052 1260 3112 lucem
1281 3055 1358 3113 edita
1376 3075 1441 3115 esse
1461 3057 1501 3114 ei-

353 3157 445 3216 dean.
484 3155 530 3216 Ad
548 3155 619 3232 bos,
641 3176 713 3234 quos
729 3159 967 3234 enumeravimus,
989 3159 1157 3235 interpretes
1177 3155 1218 3215 ita
1231 3159 1370 3216 aoerduat
1388 3157 1504 3216 Zsllr'rrs

352 3264 383 3316 et
408 3256 539 3316 &silure
547 3298 561 3328 ,
581 3264 614 3316 ut
633 3259 776 3320 cardinem
796 3260 838 3318 rei
857 3259 887 3320 in
907 3260 1081 3319 imitatorum
1101 3267 1130 3318 et
1148 3259 1307 3318 invidorum
1325 3258 1410 3318 turba
1429 3261 1499 3319 serti

350 3366 465 3440 putreat.
506 3361 665 3422 commode
684 3374 776 3422 autern
795 3359 1012 3438 Dr'lleubrrrger
1030 3363 1131 3440 [sertim
1151 3359 1280 3418 morbum
1300 3360 1377 3420 illurn
1398 3363 1500 3422 suroris

350 3461 470 3542 poetici,
499 3481 556 3538 quo
581 3463 717 3541 imprimis
738 3465 840 3526 divites
862 3469 893 3523 et
912 3463 1022 3524 nobiles
1045 3463 1097 3523 riri
1118 3463 1240 3540 correpti
1262 3462 1385 3538 iruerint,
1416 3471 1499 3526 nota·

350 3571 429 3640 tum,
457 3565 560 3642 partim
585 3581 723 3642 pauperes
750 3565 891 3643 quosdam
916 3565 1094 3643 miserosque
1117 3563 1245 3623 homiues
1270 3569 1383 3622 taxatos
1412 3567 1500 3625 sentit

351 3677 381 3728 et
402 3667 458 3742 ita,
479 3673 512 3726 ut
532 3664 571 3724 illi
593 3667 707 3744 iugenio
728 3668 812 3745 plane
832 3667 961 3728 destituti
984 3674 1012 3726 et
1035 3685 1200 3743 magnorum
1223 3665 1283 3725 tere
1302 3667 1498 3746 exmpleum

350 3768 467 3828 servies
487 3769 644 3828 imitatores
670 3768 746 3830 domi
771 3769 938 3830 carminibus
960 3768 1019 3830 suis
1047 3767 1172 3827 recitatis
1197 3765 1326 3845 plausum
1353 3787 1443 3830 coena
1470 3779 1498 3829 et

349 3872 471 3950 pecunia
498 3876 657 3948 coemptum
681 3870 862 3948 collegerint,
890 3871 918 3932 bi
940 3869 1013 3930 iane
1032 3887 1120 3948 saepe
1141 3869 1169 3930 in
1193 3869 1317 3932 furorem
1334 3872 1434 3948 agitati
1452 3881 1499 3932 unt

349 3975 479 4052 ingentes
501 3973 600 4034 laudes
619 3972 775 4034 liberalium
791 3981 976 4052 patronorum
995 3971 1177 4032 clamaverint
1193 3978 1242 4030 aut
1260 3972 1368 4032 flebiles
1385 3981 1498 4055 tragoe-

349 4076 412 4137 dias
431 4075 562 4136 mullibns
582 4075 697 4136 eruribus
718 4075 930 4136 delicatulorum
946 4077 1120 4134 dominorum
1141 4075 1327 4132 cantaverint.
1360 4073 1408 4136 De
1421 4085 1497 4136 utro·

349 4197 404 4256 que
431 4177 517 4256 igitur
544 4195 650 4254 genere
676 4177 712 4236 ab
738 4176 860 4238 Horatio
891 4184 1053 4256 contempto
1085 4173 1201 4234 Poetam
1233 4173 1286 4234 bac
1315 4177 1444 4257 Epistola
1462 4177 1497 4237 ad

348 4277 543 4342 Maecenatem
565 4279 731 4356 scripsisse,
754 4278 859 4356 inqua
886 4278 993 4356 lepide,
1019 4277 1071 4336 sed
1092 4275 1196 4334 acerbe
1214 4277 1243 4334 in
1265 4278 1320 4338 vile
1347 4280 1416 4338 illud
1436 4281 1496 4338 ins'·

349 4385 472 4442 tutorum
500 4401 590 4459 genus
617 4381 745 4440 invectos
776 4381 822 4442 sit.
868 4381 979 4442 Rursus
1009 4378 1164 4448 Diirrtser,
1195 4378 1243 4455 qui
1270 4399 1343 4458 quae
1372 4381 1444 4440 ratio
1468 4385 1497 4438 et

350 4483 419 4540 initii
436 4489 466 4542 et
492 4485 556 4543 finis
580 4482 662 4558 hujus
691 4479 837 4558 Epistulae
859 4489 953 4560 esset,
987 4483 1059 4544 bene
1085 4480 1258 4555 observarit,
1290 4483 1327 4540 ab
1349 4483 1403 4540 lac
1423 4481 1497 4541 snei
