3430 5324
365 499 428 566 170
468 501 844 565 consummor.
862 501 938 561 LIB.
959 502 980 560 1.
1016 500 1139 562 EPIST.
1156 499 1274 560 TERT.
1291 498 1425 561 Duelli.
1471 505 1512 567 10

361 689 565 770 scriptionibus
584 709 613 767 p.
634 689 704 754 189.
724 690 764 750 Ν.
785 690 815 752 8.
837 687 867 750 4.
891 694 921 746 et
939 687 1011 748 Tac.
1034 687 1109 747 Hist.
1133 691 1165 763 1,
1187 692 1216 751 1.
1240 688 1294 750 87.
1316 685 1368 750 48.
1391 707 1510 748 nomeu-

361 813 417 872 qne
435 795 473 852 nd
492 796 608 866 gentem
629 793 801 868 praetorium
826 791 968 859 Vinium,
990 809 1025 848 er
1043 807 1100 865 qus
1116 788 1194 847 illum
1207 787 1319 848 Horatii
1335 788 1511 849 tabellarium

358 901 418 977 jsrn
448 893 620 951 Torrentius
643 898 805 968 exemerat,
834 891 966 952 retulisse
994 892 1107 950 videtur
1127 891 1293 968 addiditque
1317 891 1509 966 δαπαώηω,

359 1015 417 1058 non
435 994 551 1055 dubium
571 994 679 1072 rideri,
705 996 772 1073 quin
791 994 838 1052 hic
858 993 956 1053 Vinius
978 995 1016 1052 ud
1041 999 1156 1071 gentem
1177 993 1289 1052 Vinium
1308 994 1362 1054 snb
1382 995 1510 1074 impers-

359 1097 469 1158 toribus
504 1095 681 1156 nobilitatum
709 1097 886 1176 pertinuerit.
942 1097 1112 1172 Quanquam
1145 1095 1243 1174 lapsus
1274 1101 1320 1158 est
1347 1096 1508 1175 Ducesisss,

360 1219 448 1279 quun:
468 1203 582 1276 gentem
602 1198 726 1257 Vinium
733 1195 764 1278 *)
783 1199 875 1257 udbuc
895 1196 1017 1277 Augusti
1038 1203 1133 1256 uetute
1147 1198 1238 1256 fuisse
1256 1205 1393 1276 urgeret,
1413 1206 1508 1258 tnrnen

359 1309 438 1362 reete
459 1302 575 1380 scripsit
600 1300 746 1377 nanim,
761 1308 923 1380 ,propterea
945 1301 1023 1378 quod
1042 1301 1071 1358 iu
1091 1299 1145 1359 hac
1163 1299 1304 1377 scripturo
1323 1299 1424 1378 optimi
1444 1299 1507 1359 libri

361 1423 432 1465 mss.
452 1403 633 1462 consentiunt
650 1421 742 1482 neque
758 1402 907 1482 probubile
926 1408 985 1478 est,
1004 1401 1153 1460 Horatium
1169 1407 1285 1479 gentem
1299 1403 1449 1479 rusticum,
1471 1404 1507 1461 de

358 1525 415 1583 qus
437 1506 553 1584 quidem
573 1524 610 1564 ue
632 1507 743 1564 mireris
762 1511 947 1565 monuments
967 1507 986 1564 i.
1008 1525 1035 1564 e.
1057 1504 1256 1582 inscriptiones
1274 1501 1359 1562 hodie
1379 1523 1438 1564 nou
1457 1524 1507 1565 er·

357 1615 456 1684 sture,
479 1627 542 1666 cunr
563 1606 662 1666 inclite
681 1607 729 1666 illu
751 1587 836 1686 gente
857 1609 1000 1687 praetoris
1018 1607 1140 1665 miscere
1159 1606 1190 1664 in
1210 1606 1334 1666 sninsnnu
1351 1607 1507 1668 induisse.

357 1711 463 1780 Qddni
481 1710 586 1768 inerint
603 1710 676 1768 dune
697 1711 827 1769 diversae
845 1715 946 1787 gentes
965 1725 1022 1768 nnn
1040 1706 1103 1765 sols
1122 1707 1207 1766 litero
1223 1708 1409 1768 distinctnei!
1440 1709 1507 1769 No-

315 1834 317 1844 ·
357 1831 423 1874 men
442 1812 517 1871 enim
542 1809 639 1871 fictum
663 1829 746 1886 esse,
772 1811 814 1868 uti
840 1810 954 1889 quidem
975 1811 1129 1887 opinantur
1152 1808 1216 1882 1111,
1239 1809 1306 1868 mibi
1331 1813 1505 1888 persuadere

355 1933 500 1992 uunquam
520 1921 632 1992 potero.
684 1911 818 1972 Ceterum
846 1914 876 1972 iu
896 1912 968 1972 bunc
993 1910 1153 1990 Epistulam
1176 1907 1392 1988 Prograrnrnste
1417 1914 1504 1974 ahoi.

354 2016 469 2092 adjectu
488 2015 675 2076 translatione
694 2016 854 2093 gonories
878 2020 909 2073 et
930 2031 1034 2091 grsecs
1055 2018 1260 2072 commentatus
1282 2020 1328 2074 est
1346 2016 1507 2074 Hoodsder

354 2115 508 2194 (Miinchen
529 2119 652 2196 1827.),
675 2137 739 2177 enm
758 2116 928 2196 inpubium
948 2133 1107 2175 sermonem
1129 2114 1290 2193 siugulatim
1306 2136 1420 2196 qnoque
1439 2139 1505 2178 ver·

354 2225 417 2278 tere
452 2219 646 2278 Gutmanmcs
668 2219 699 2277 in
725 2217 828 2296 Progr.
858 2216 946 2278 schol.
973 2217 1177 2294 (Schneidnin
1205 2217 1315 2297 1836.)
1343 2239 1373 2298 p·
1398 2224 1448 2284 11.
1476 2229 1505 2281 et

353 2319 493 2379 Diintzer
511 2322 541 2380 iu
568 2319 703 2398 „Archiv
722 2320 744 2378 f.
772 2319 876 2379 Philol.
897 2341 925 2380 u.
947 2319 1107 2396 Pssduw
1130 2317 1221 2384 1841.
1242 2319 1306 2380 vll.
1327 2320 1358 2383 8·
1379 2342 1409 2400 p·
1432 2318 1502 2385 478.

436 2422 473 2482 V.
498 2423 526 2484 1.
577 2423 620 2478 Ut
633 2422 870 2499 proficiscentem
893 2455 930 2466 -
951 2421 1070 2500 dinque.
1116 2425 1280 2484 Sententia:
1309 2423 1378 2500 „Ut
1397 2431 1427 2483 te
1447 2425 1504 2484 iter

321 2516 325 2530 “
351 2529 501 2606 parentem
522 2523 740 2602 diligentissime
765 2525 892 2602 institui,
920 2526 961 2584 ils
982 2524 1071 2584 facies
1096 2543 1190 2584 curem
1217 2527 1387 2604 Augusto.“
1436 2526 1502 2606 Alii,

351 2633 387 2687 ut
409 2627 594 2704 Dostingius
614 2643 648 2682 uc
670 2623 821 2684 Diintssr:
844 2628 909 2704 „Ut
926 2646 1014 2707 saepe
1035 2631 1064 2685 tc
1084 2627 1154 2702 alius
1175 2628 1212 2686 ud
1229 2629 1303 2687 ulios
1323 2628 1407 2686 certis
1422 2646 1502 2686 rusu-

351 2730 427 2789 dntis
446 2727 563 2786 missum
580 2735 686 2788 rectum
706 2729 810 2802 agendi
828 2730 965 2790 rationem
987 2730 1105 2806 edocui,
1129 2731 1169 2789 itu
1191 2749 1227 2788 es
1244 2751 1318 2789 nunc
1338 2727 1417 2789 [ltere
1437 2749 1501 2788 curn

348 2831 428 2891 libris
446 2832 516 2890 meis
534 2830 573 2888 sd
595 2827 670 2908 Aug.
689 2826 932 2912 miuendss.“**)
974 2829 1031 2898 Qui
1052 2831 1205 2909 porticulus
1224 2851 1314 2910 caepe
1333 2831 1444 2911 disque
1462 2833 1500 2890 sd

434 3089 467 3162 *)
481 3093 523 3145 Do
537 3096 619 3162 geute
638 3089 717 3144 Vinio
740 3095 803 3161 post
818 3093 901 3146 Torr.
918 3091 1024 3145 erudite
1045 3089 1166 3160 disputat
1182 3089 1342 3146 Wcicberius
1359 3109 1387 3162 p.
1403 3093 1438 3146 80
1448 3110 1499 3164 sq„

349 3178 401 3232 uisi
416 3177 486 3249 quod
501 3179 528 3230 in
544 3195 575 3230 eu
592 3175 709 3244 erravit,
735 3176 805 3246 quod
821 3179 996 3231 Torrentium
1016 3175 1085 3229 hunc
1106 3176 1215 3229 Horatii
1230 3173 1359 3230 hominem
1378 3175 1499 3231 Vinnium

350 3261 434 3316 scribi
448 3262 572 3316 maluisse
588 3261 669 3327 dicit,
691 3261 769 3314 inimo
788 3261 909 3328 Vinium,
931 3262 1148 3334 quemadmodum
1163 3279 1197 3314 ex
1214 3261 1313 3314 erretis
1333 3261 1361 3313 in
1378 3267 1497 3316 extremo

347 3347 417 3400 libro
430 3347 557 3401 iudicsb‘s
572 3353 698 3417 apparet.
713 3347 792 3400 Cous.
809 3348 960 3418 Glandurp.
976 3347 1117 3402 onomast.
1133 3365 1160 3416 p.
1172 3346 1233 3401 905.
1249 3347 1326 3401 la'cbc
1341 3347 1428 3402 Goth.
1441 3348 1498 3402 Nn-

347 3431 432 3486 nsisun.
447 3449 476 3502 p.
490 3427 554 3488 418.
577 3433 620 3486 De
634 3431 737 3498 Asello,
753 3433 909 3500 ouguromine
925 3433 1098 3486 Clsudiorum
1112 3433 1175 3488 vido
1185 3434 1271 3488 Druk.
1286 3433 1321 3487 nd
1335 3433 1399 3488 Liv.
1414 3429 1458 3500 24,
1470 3434 1496 3500 8,

346 3518 373 3571 3.
391 3520 434 3586 28,
450 3520 493 3588 10,
505 3517 532 3570 3.
548 3518 592 3585 29,
609 3518 652 3582 11,
670 3515 714 3568 13.
734 3515 796 3570 coll.
812 3517 845 3572 A.
862 3518 934 3572 Gell.
948 3514 976 3587 4,
996 3519 1038 3572 17.
1056 3519 1141 3574 Torr.
1157 3519 1233 3574 adh.
1248 3518 1267 3574 1.
1285 3517 1371 3572 Orell.
1384 3518 1458 3574 cdv.
1470 3519 1496 3574 8.

346 3601 497 3658 Wcichert.
515 3601 534 3655 1.
550 3601 569 3655 1.
583 3620 611 3672 p.
624 3601 658 3656 79
669 3619 727 3671 sq.,
747 3602 781 3654 de
796 3603 887 3672 Asina,
904 3609 1080 3674 cognomento
1096 3604 1282 3658 Corneliorum
1297 3603 1421 3658 Macrob.
1436 3605 1497 3660 Sat.

231 3693 235 3700 ’
346 3692 373 3758 1,
388 3691 414 3744 6.
430 3706 459 3760 p·
475 3687 526 3744 232
542 3687 573 3740 Ζ.
589 3695 618 3740 et
631 3695 694 3740 unte
709 3685 841 3742 laudatos.

415 3787 459 3859 *⁴)
473 3789 574 3844 Multos
587 3791 752 3858 interpretes
763 3791 863 3844 fefellit
872 3789 1047 3859 Participium
1058 3789 1188 3860 temporis
1197 3791 1349 3861 praesentis
1359 3789 1403 3843 hic
1414 3808 1496 3844 coun-

344 3880 416 3944 tum,
431 3876 596 3930 voluntatem
610 3873 731 3928 indicens
745 3880 777 3928 ut
789 3877 816 3941 9,
835 3880 880 3933 10.
900 3876 1008 3944 majoris
1013 3878 1127 3948 fugiens
1140 3877 1285 3947 opprobria
1294 3905 1337 3917 -·
1346 3877 1440 3946 eulpae
1454 3905 1493 3916 -

344 3962 466 4016 mendi
479 3969 507 4015 st
520 3961 591 4030 Nep.
606 3961 696 4014 Hsun.
709 3963 735 4030 2,
744 3961 771 4016 3.
791 3961 874 4016 Pater
882 3981 955 4016 mous
966 3989 1003 4001 -
1014 3963 1043 4016 iu
1053 3963 1211 4034 ll‘npmrisrn
1224 3961 1388 4032 proficiscens
1397 3989 1440 4002 ·-
1448 3962 1498 4014 i·-

341 4047 461 4102 malado
482 4047 546 4101 vid.
561 4047 602 4102 ibi
620 4047 710 4100 Brun.
726 4052 754 4100 et
767 4047 851 4103 Bnch.
867 4049 901 4102 sd
913 4047 979 4102 Tib.
995 4049 1026 4117 1·,
1041 4047 1073 4115 3,
1090 4048 1133 4102 29.
1154 4047 1267 4114 Furbig.
1283 4047 1319 4100 sd
1331 4045 1409 4114 Virg.
1424 4047 1495 4102 Ass

344 4136 377 4202 2,
396 4134 458 4186 111.
474 4127 534 4186 114.
550 4133 649 4202 Wagn.
666 4133 719 4196 Qu.
734 4132 812 4202 Virg.
827 4133 927 4188 XXIV.
945 4136 970 4188 2.
985 4151 1053 4188 α-
1064 4151 1088 4185 c.
1106 4133 1228 4202 Herzog.
1243 4132 1278 4186 ud
1292 4132 1360 4186 Sull.
1375 4133 1437 4202 Jug.
1452 4135 1495 4196 12,

343 4215 370 4271 5.
385 4217 531 4278 Dederich.
547 4217 581 4272 sd
595 4216 669 4272 Dict.
689 4218 765 4270 Cret.
784 4219 814 4284 6,
830 4220 856 4272 7.
875 4238 904 4288 p.
919 4215 981 4274 374.
1001 4219 1090 4272 Herse
1108 4218 1143 4272 sd
1153 4217 1257 4288 Reisig.
1273 4215 1494 4288 „Vorlesuuggfl

342 4319 371 4372 p.
383 4297 445 4358 498.
463 4303 571 4356 hmsb.
589 4305 640 4356 Gr.
654 4303 704 4356 lut.
718 4321 747 4374 p.
762 4299 823 4357 583.
846 4304 935 4367 Quum
955 4304 1002 4357 illo
1022 4309 1132 4358 conotus
1149 4312 1255 4374 tompus
1276 4302 1342 4357 ortis
1364 4303 1495 4357 limitibus

343 4403 397 4439 nou
411 4388 628 4456 circumscribet,
645 4389 795 4458 particulae
809 4407 888 4460 saepo
905 4390 999 4458 diuque
1014 4391 1080 4444 nihil
1094 4389 1194 4445 hubent
1207 4388 1317 4456 absoni,
1332 4395 1364 4442 ut
1382 4387 1428 4442 elii
1441 4405 1496 4443 non

342 4471 506 4528 inmnnods
521 4471 701 4550 explicarints
716 4482 805 4543 „suto
818 4481 891 4530 tunm
903 4476 1106 4546 protectionem.
1115 4477 1134 4506 “
1155 4475 1275 4530 Possim
1288 4481 1377 4529 suin
1391 4475 1427 4544 ii,
1449 4473 1496 4546 qni

341 4557 430 4628 ipsun
442 4556 599 4616 diusdsrdi
613 4566 718 4631 tenpus
735 4567 765 4616 ct
777 4561 854 4632 qussi
871 4567 1028 4618 ncnsutnu
1048 4561 1164 4618 iudicari
1180 4561 1233 4618 sibi
1249 4561 1426 4633 perrundont·
1451 4560 1495 4616 Ab
