3512 5324
258 455 301 518 si
343 453 555 520 conunnr.
570 455 715 520 mnus.
727 457 803 520 nm.
815 459 839 520 1.
862 458 988 522 srisr.
1001 459 1150 533 onnus.
1163 460 1297 524 oncrn.
1343 447 1404 528 nor

257 641 339 701 simili
359 647 390 701 et
409 645 551 704 sonmo
570 645 675 706 colonis
699 646 793 726 argnti
813 666 840 707 r.
862 644 914 714 42.
937 655 967 709 et
988 649 1141 727 suiipsius
1159 670 1192 707 ν.
1209 651 1257 712 16.
1278 650 1400 712 illustra-

255 749 320 820 tur,
341 745 371 806 iu
389 763 453 804 eum
473 747 558 806 finem
576 749 742 826 proposuit,
760 755 792 810 ut
810 749 904 827 quiin
922 752 1023 810 tulibus
1037 749 1124 811 rebus
1141 751 1194 809 sibi
1213 771 1312 829 purum
1331 763 1410 814 cont

252 847 384 925 stsbent,
419 849 581 927 speculum,
612 851 641 908 in
661 851 739 928 quod
758 853 951 929 intuerentur,
984 853 1138 928 haberent,
1172 852 1209 912 cf.
1236 863 1332 914 annot.
1360 858 1396 916 nd

250 945 344 1028 Epist.
362 952 396 1026 1,
419 953 470 1014 11.
489 971 519 1029 p·
536 952 587 1014 95.
617 951 672 1011 coi
693 953 863 1029 expositioni
883 955 1010 1031 adjunxit
1026 955 1081 1013 alic
1101 954 1205 1032 partim
1224 955 1262 1013 ed
1280 958 1396 1036 amicos,

249 1052 353 1129 purtim
373 1053 410 1110 ad
437 1071 515 1112 sunm
539 1055 627 1133 ipsius
656 1055 846 1114 conditionem
874 1059 1050 1132 spectantia,
1080 1058 1120 1113 ito
1145 1063 1240 1115 tomen
1262 1057 1336 1118 inter
1362 1080 1395 1122 se

248 1172 391 1234 conum,
411 1162 444 1214 nt
461 1154 572 1233 singule
591 1157 672 1233 quusi
691 1153 786 1213 circuli
804 1156 843 1214 ud
864 1157 987 1216 medium
1008 1157 1090 1217 relati
1107 1157 1266 1216 videantur.

333 1254 376 1316 Ab
400 1256 453 1316 hnc
482 1276 567 1335 quom
596 1258 658 1316 nusi
688 1275 785 1315 sumus
811 1257 997 1335 explicatione
1027 1278 1118 1337 prope
1147 1257 1230 1316 obest
1262 1258 1392 1340 Porphy-

244 1357 326 1434 rion,
347 1377 432 1436 quum
452 1359 603 1418 Horatium
623 1359 683 1435 „nd
704 1357 824 1416 villicum
845 1379 927 1418 suum
947 1359 1018 1418 harro
1039 1360 1122 1438 epist.
1144 1359 1294 1436 scripsisse
1313 1364 1391 1442 dicit,

243 1458 275 1516 in
296 1477 352 1536 qun
373 1461 549 1536 ostenderit,
572 1477 684 1518 omnem
708 1457 850 1518 hominem
870 1459 1011 1520 vitiosum.
1020 1463 1042 1498 “
1084 1459 1199 1520 Avero
1224 1481 1316 1541 prope
1339 1467 1390 1524 ab·

243 1571 312 1620 sunt
325 1561 534 1620 Bersmonnus
541 1603 553 1632 ,
579 1561 619 1619 G.
635 1558 813 1631 Fatuclus,
834 1559 1026 1639 Rodellr'sw*)
1041 1568 1071 1622 et
1086 1559 1259 1638 Ilappoltus
1265 1605 1279 1634 ,
1300 1585 1388 1644 quan-

241 1679 326 1739 quam
347 1663 393 1721 lric
415 1664 520 1722 erravit
547 1664 576 1722 in
605 1662 734 1738 singulis.
777 1662 886 1723 Contra
913 1665 960 1722 ulii
986 1663 1146 1741 complures
1172 1661 1285 1724 Acrone
1308 1669 1388 1744 quusi

241 1764 317 1822 duce
335 1763 495 1842 („custigut
513 1765 633 1824 villicum
651 1783 749 1840 suum,
771 1767 849 1844 quod
866 1767 905 1824 illi
924 1784 993 1842 ager
1013 1765 1143 1838 sordeat,
1164 1783 1248 1840 quem
1263 1769 1388 1846 quinque

239 1863 393 1940 aliquando
420 1867 609 1944 possederunt
633 1866 817 1946 senatores“)
842 1867 961 1928 Poetnm
987 1866 1017 1923 id
1041 1867 1136 1942 egisse
1157 1867 1325 1946 opinantur,
1354 1876 1386 1928 ut

238 1966 361 2026 villicum
383 1968 413 2026 in
433 1969 491 2028 vito
511 1966 617 2027 rustica
634 1987 734 2046 parum
755 1968 810 2028 sibi
831 1976 1008 2030 constantem
1027 1986 1093 2026 vere
1115 1968 1247 2028 edoceret
1266 1971 1304 2028 nd
1324 1991 1385 2031 me-

237 2069 396 2146 lioremque
419 2072 529 2148 frugem
555 2069 715 2130 reduceret.
766 2071 812 2130 Ab
840 2071 892 2132 lrec
919 2068 1153 2145 interpretatione
1180 2071 1220 2131 itn
1247 2046 1405 2133 recedunt·

236 2172 417 2232 recentiores
439 2173 628 2251 interpretes,
650 2177 681 2230 ut
703 2173 860 2252 Epistolem
881 2192 938 2233 non
958 2170 1060 2241 villici,
1087 2169 1140 2228 sed
1162 2171 1279 2233 aliorum
1298 2195 1384 2238 conse

235 2273 373 2351 seriptum
398 2279 514 2352 putent;
540 2289 700 2351 quanquam
722 2275 751 2333 in
772 2295 804 2334 re
825 2277 889 2354 ipse
907 2291 1082 2352 magnopere
1104 2271 1282 2334 dissentiunt.
1333 2277 1382 2338 Sic

238 2374 436 2436 Wsclandc'us
460 2376 580 2435 Poetnm
607 2377 636 2434 in
664 2376 736 2435 urbe
762 2383 877 2456 praeter
897 2397 977 2456 spem
997 2375 1102 2436 diutinis
1129 2375 1274 2434 detentum
1299 2378 1380 2456 quasi

232 2478 377 2536 animisui
395 2496 483 2537 censa
500 2479 571 2538 hunc
583 2477 743 2556 Epistolnm
759 2479 864 2540 chartis
882 2479 1005 2539 illusisse
1021 2479 1121 2555 putat,
1140 2477 1264 2538 fortasse
1282 2482 1378 2561 etiam,

232 2586 265 2639 ut
282 2599 367 2658 quum
387 2579 473 2658 alios,
501 2587 562 2640 tum
582 2583 704 2657 amicos,
732 2582 833 2659 quibus
854 2588 988 2642 constans
1009 2578 1066 2638 ille
1080 2581 1152 2638 ruris
1181 2599 1262 2639 umor
1289 2582 1377 2642 mirus

231 2687 310 2742 esset
336 2682 433 2758 umus,
461 2701 541 2742 susm
564 2685 676 2742 vivendi
701 2687 841 2744 rationem
865 2685 1008 2744 edoceret.
1060 2682 1142 2741 Hunc
1163 2682 1377 2760 explicationem

234 2781 424 2842 Wss'clrcrtus
442 2781 548 2860 (Lectt.
563 2783 634 2843 Ven.
655 2805 684 2862 p.
698 2781 765 2861 75.)
786 2785 827 2844 ito
848 2785 963 2860 delinit,
985 2789 1016 2842 ut
1038 2784 1128 2841 dicet:
1151 2783 1282 2858 „Idcirco
1303 2784 1375 2858 hune

228 2883 268 2942 sd
287 2882 416 2941 Villicnm
435 2883 594 2963 Epistolem
616 2884 653 2942 ab
674 2885 811 2958 llorntio,
831 2885 941 2944 Romae
959 2904 1046 2961 quum
1066 2888 1163 2958 esset,
1183 2883 1267 2940 animi
1289 2901 1374 2942 consu

227 2983 361 3061 scriptam
380 2982 503 3042 arbitror
523 2989 642 3062 propter
660 3003 710 3043 eos
729 2987 855 3062 amicos,
876 2988 941 3061 qui,
968 3004 1025 3061 qno
1043 2983 1147 3040 diutius
1167 2982 1292 3059 jucunda
1312 2984 1372 3059 eju.

226 3089 389 3146 fruerentur
409 3085 545 3146 societate
566 3103 600 3143 nc
616 3085 763 3162 convictu,
788 3087 817 3144 id
838 3087 937 3161 quovis
957 3084 1043 3142 modo
1062 3080 1230 3155 studebant,
1256 3100 1319 3139 eum
1340 3083 1372 3141 nt

225 3193 256 3250 in
276 3189 348 3248 urbe
369 3189 529 3248 detinerent
548 3203 669 3265 eumque
688 3205 707 3244 s
727 3187 800 3245 ruris
818 3205 932 3258 amore,
954 3203 1037 3262 quern
1058 3184 1156 3262 procul
1177 3183 1263 3244 dnbio
1284 3203 1370 3265 saepe

224 3291 400 3368 multumque
418 3294 564 3368 creperet,
585 3289 824 3348 evocarent“etc.
846 3287 931 3349 conf.
954 3287 986 3346 0.
1000 3286 1126 3345 Passon.
1140 3285 1179 3344 N.
1195 3287 1266 3349 282.
1288 3283 1370 3346 lllnm

222 3393 429 3472 interpretandi
450 3393 588 3450 rationem
608 3390 670 3450 sere
691 3407 769 3450 surum
790 3389 919 3450 iecerunt
942 3386 1080 3444 Diintcer
1098 3409 1128 3466 p.
1149 3383 1220 3450 415.
1241 3393 1271 3444 et
1292 3387 1367 3444 Dil-

223 3495 383 3574 lsnburger
401 3496 459 3572 itu,
480 3501 512 3553 ut
531 3493 665 3568 credunt,
690 3490 851 3570 Epistolnm
873 3489 959 3548 villici
979 3491 1092 3548 nomine
1112 3489 1240 3548 simulato
1260 3494 1365 3550 amico-

222 3618 283 3658 rum
311 3616 417 3674 conse,
448 3596 496 3672 qui
518 3595 705 3654 nescivissent
726 3612 821 3672 neque
846 3590 1069 3667 intellexissent,
1095 3593 1164 3667 quid
1191 3592 1306 3652 Poetam
1327 3597 1364 3653 de

221 3706 313 3760 morte
334 3699 392 3777 Qu.
411 3695 499 3755 Aelii
519 3696 647 3754 Lam
667 3696 771 3764 diutius
789 3697 849 3773 jam
865 3695 895 3756 in
913 3692 983 3752 urbe
1003 3699 1141 3752 moretum
1166 3703 1196 3754 et
1223 3701 1364 3754 retentum

221 3807 279 3859 tom
296 3802 476 3861 vehementer
497 3817 532 3858 ex
552 3797 621 3856 mbe
643 3799 672 3856 in
692 3797 872 3858 solitudinem
892 3797 1024 3856 rusticam
1041 3797 1163 3872 vocarit,
1185 3816 1250 3855 esse
1270 3797 1362 3875 scrip-

221 3909 288 3961 tum.
315 3903 366 3960 Fi.
386 3897 496 3960 Jacobs
524 3903 618 3958 nutem
639 3895 685 3975 (V.
705 3921 736 3978 p·
757 3897 797 3962 65
819 3918 884 3976 sqq.
905 3895 989 3975 78.)‚
1016 3899 1060 3956 cui
1081 3901 1272 3958 assentiuntur
1292 3899 1361 3958 Ba-

222 4001 307 4060 ctrius
327 4003 441 4081 (Zimm.
466 4000 631 4078 „Zeitsclm
650 3999 673 4056 f.
696 4001 723 4058 d.
745 3998 808 4059 Α.“
832 4000 923 4065 1834.
944 4021 973 4078 p.
994 3999 1102 4078 1040.)
1122 4007 1151 4060 et
1174 3999 1359 4060 oratorsed

220 4103 248 4162 ΙΙ.
271 4104 290 4162 l.
299 4144 311 4179 ,
331 4093 486 4183 Epistolom
502 4101 593 4163 literis
610 4105 770 4163 mundatum
783 4104 930 4182 opinetur,
952 4108 983 4162 nt
996 4101 1068 4161 Hor.
1082 4104 1255 4182 importunus
1269 4103 1358 4161 homi·

221 4243 420 4256 Ἄ

302 4323 332 4395 *)
348 4325 495 4380 Rodelliusr
516 4329 632 4400 „Neque
643 4329 709 4382 hunc
723 4333 788 4400 puto
807 4345 868 4383 esse
882 4327 1047 4400 Epinoion,
1062 4329 1110 4382 sed
1125 4330 1229 4382 Possim
1247 4329 1274 4380 iu
1293 4325 1357 4380 fictu
1424 4402 1426 4411 Ι

221 4413 389 4466 contentione
402 4409 510 4464 Horatii
525 4431 582 4468 cum
594 4415 701 4484 Villico‚
715 4415 832 4470 rationes
845 4423 1018 4484 exponentem
1033 4431 1080 4468 cur
1094 4416 1151 4467 vita
1165 4414 1265 4466 rustico
1278 4414 1356 4466 urbe-

220 4511 268 4548 noo
281 4497 456 4566 praeterendo
469 4497 619 4552 vineaturf‘
