3458 5318
354 405 396 470 62
463 406 747 470 communen
772 409 815 472 lN
832 409 1000 472 nouem
1022 410 1097 470 LlB.
1122 411 1143 472 1.
1172 411 1294 475 EPlST.
1317 414 1406 476 ΒΕΘ.
1471 423 1510 485 62

352 620 480 682 possum
512 598 591 660 Dicit
611 599 685 660 enim
704 597 738 654 V.
761 598 806 656 d.:
829 594 911 672 „Der
927 597 1111 675 crunnus,
1132 601 1185 660 aus
1202 603 1258 660 deu
1280 601 1341 660 hier
1359 603 1411 662 der
1428 601 1516 664 Dich-

352 713 416 780 ter,
442 721 496 763 ‚um
521 701 581 760 sich
609 699 657 759 die
677 698 773 760 illicne
801 699 878 758 einer
907 699 1072 760 ftirmliclren
1098 697 1332 762 Demonstration
1354 723 1390 762 zu
1410 705 1515 782 geben,

352 807 404 864 das
424 802 491 864 Lob
512 803 564 862 des
584 799 768 862 Lendlcbeus
789 800 929 880 grindet,
962 803 999 860 ist
1026 821 1077 862 une
1109 802 1160 860 der
1180 799 1398 867 academischen
1418 805 1516 866 Philo-

352 906 464 986 sophie.
507 903 567 964 Dus
588 901 672 964 Laud
692 906 730 963 ist
749 903 806 962 ihm
830 902 877 962 die
897 901 1008 980 Natur,
1029 903 1087 962 und
1108 903 1159 962 die.
1173 905 1258 965 Stadt
1279 907 1425 986 Unuatnr,
1457 910 1515 968 und

352 1028 385 1068 so
409 1005 592 1068 seruechselt
614 1026 646 1064 er
666 1007 712 1066 ein
732 1003 833 1064 Leben
852 1005 881 1060 in
903 1003 954 1062 der
975 1002 1069 1063 Natur
1090 1007 1142 1065 mit
1165 1008 1231 1066 dem
1248 1006 1349 1068 Leben
1370 1009 1441 1068 nach
1463 1011 1516 1072 der

351 1111 464 1188 Natat,
502 1110 555 1182 der
575 1105 722 1168 Veruunit.
759 1105 819 1168 Cic.
847 1106 885 1164 de
907 1103 999 1164 Amic.
1027 1107 1058 1168 5.
1087 1118 1168 1186 sagt:
1200 1117 1348 1185 naturam,
1379 1109 1513 1187 optimam

352 1212 425 1272 bene
448 1209 560 1269 vivendi
586 1207 721 1275 ducem.“
754 1241 796 1254 --
831 1206 864 1264 V·
888 1207 937 1269 13.
973 1208 1192 1288 Ponendoeque
1216 1243 1264 1258 -·
1277 1229 1350 1268 oreo
1365 1213 1512 1288 primum.

233 1371 237 1382 ,
351 1316 544 1390 Sententiam,
575 1331 661 1390 quem
682 1311 843 1370 Scholiasta
864 1310 954 1388 Cruq.
988 1313 1303 1388 comparate-ordinat,
1335 1312 1404 1389 „Ita
1430 1313 1514 1374 nobis

350 1416 524 1476 instituenda
548 1415 607 1474 sits
625 1419 687 1488 est,
718 1419 751 1472 ut
781 1413 903 1490 primum
928 1412 1103 1489 aruspicemur
1129 1411 1265 1490 optimam
1294 1415 1408 1488 sedem
1441 1435 1515 1494 quo-

350 1519 435 1577 modo
456 1519 566 1578 iaciunt
588 1517 636 1594 qui
658 1515 774 1574 domum
794 1513 945 1574 aedificare
966 1512 1081 1588 solunt,
1102 1512 1224 1590 primum
1246 1518 1390 1590 quaeritur
1408 1519 1514 1597 optima

349 1619 452 1698 sarea,“¹
472 1621 603 1698 equidem
625 1619 667 1678 sic
685 1617 843 1678 consumo:
861 1617 910 1694 „si
931 1617 970 1674 ad
990 1614 1194 1674 habitationem
1214 1623 1332 1677 naturae
1352 1638 1513 1680 accommo-

350 1723 447 1780 datum
464 1721 544 1780 locus
559 1726 635 1788 ,aute
659 1718 838 1797 quaerendus
859 1722 917 1794 est,
942 1715 989 1776 ubi
1009 1735 1075 1776 eum
1095 1717 1185 1796 magis
1205 1716 1340 1782 idoneum
1356 1741 1441 1800 qnam
1455 1724 1514 1782 ruri

349 1821 529 1882 invenieel“
563 1821 719 1883 Praeterea
751 1821 827 1880 conf.
857 1818 1039 1895 antiquorum
1067 1817 1214 1879 hominum
1253 1834 1435 1902 praeceptum
1465 1844 1512 1906 ap.

349 1921 549 2003 Hesiod‚,0p.
573 1932 603 1985 et
621 1924 660 1982 D.
683 1921 746 1988 405
771 1917 894 1998 (Gdttl.)
916 1925 945 1978 et
967 1919 1092 1980 Theocr.
1114 1919 1158 1980 Id.
1179 1925 1233 1998 27,
1254 1923 1305 1985 37.
1325 1955 1365 1970 —
1386 1921 1433 1982 Aa
1449 1945 1512 1984 voc.

349 2043 422 2082 area
439 2023 548 2084 Vitruv.
574 2030 603 2103 1,
626 2028 656 2090 7.
676 2025 795 2085 Divisis
815 2023 985 2102 angiprortts
1004 2032 1031 2079 et
1045 2021 1158 2100 plateis
1187 2025 1352 2082 constitutis
1373 2046 1513 2084 arearum
1552 2035 1556 2042 '

286 2194 289 2201 ¹
348 2125 450 2187 electio
470 2126 516 2185 ad
534 2127 786 2210 opportunitatem
807 2133 835 2180 et
858 2143 948 2182 cesum
966 2143 1155 2210 communem·
1186 2125 1317 2208 civitatis
1345 2137 1388 2184 est
1416 2127 1497 2206 expi'

348 2229 449 2288 canda
456 2271 470 2300 ‚
491 2227 616 2288 aedibus
636 2230 731 2288 sacras
738 2269 751 2297 ,
763 2226 838 2305 fipro
846 2267 860 2297 ,
876 2224 1059 2306 *reliquoque
1081 2225 1154 2284 locis
1179 2227 1405 2290 communibus.
1421 2231 1508 2311 :lieet

346 2348 376 2408 p.
400 2328 449 2392 10.
473 2329 766 2414 314.ed.1.indrm
800 2325 848 2387 De
868 2327 918 2385 tali
948 2329 1033 2393 domo
1054 2329 1091 2386 ad
1113 2335 1232 2390 naturae
1257 2351 1326 2390 usus
1354 2332 1511 2392 constituta

346 2431 448 2514 Senes.
468 2431 563 2512 Epist.
583 2431 635 2494 90.
657 2431 730 2490 hvis
752 2427 861 2491 umbra
877 2431 963 2508 rupis
982 2440 1038 2489 aut
1058 2429 1174 2490 arboria
1194 2443 1223 2490 et
1234 2432 1387 2510 perlucidi
1401 2433 1508 2512 finus

346 2536 464 2616 rivique
478 2567 521 2580 --
540 2543 671 2612 etprata
693 2534 757 2595 siue
776 2543 841 2590 arte
858 2532 1013 2618 Jlrrmqsa,
1041 2534 1118 2590 inter
1141 2531 1215 2616 hoec
1238 2545 1355 2614 agreste
1381 2534 1507 2594 domici·

346 2637 425 2696 ἰίιιιιι
436 2639 551 2696 metra
563 2638 819 2716 poriuonmmc
860 2635 950 2694 Haeo
964 2646 1029 2693 erat
1044 2635 1209 2718 secundum
1229 2646 1371 2696 ιιαίιυαιιι
1384 2637 1503 2708 mutue,

346 2743 380 2798 in
396 2759 460 2820 quo
476 2737 590 2798 libebat
612 2736 750 2818 iactitare
769 2743 824 2797 etc.

431 2842 466 2901 V.
488 2841 538 2905 14.
571 2842 733 2902 Novistine
753 2839 852 2898 iocum
873 2859 1002 2897 —rure
1024 2836 1131 2897 beato?
1156 2839 1287 2920 Beatum
1313 2861 1364 2899 rus
1385 2840 1512 2902 hicnon

346 2951 393 3004 est
413 2944 542 3004 Varrone
563 2949 640 3004 teste
660 2943 714 3022 „in
734 2941 811 3002 boue
833 2941 966 3020 regione,
994 2959 1068 3020 quae
1089 2939 1195 3002 bonum
1220 2943 1330 3006 coelum
1356 2943 1462 3006 lrabeat
1483 2951 1513 3004 et

347 3047 454 3108 bonisne
472 3046 599 3126 solum“,
620 3066 714 3126 neque
735 3044 902 3126 simpliciter
923 3046 1001 3124 quod
1029 3044 1158 3104 homines
1189 3045 1284 3104 reddit
1311 3046 1429 3122 beatos,
1459 3049 1511 3108 sed

345 3148 543 3226 dioeeopurn
563 3151 740 3226 variorum,
767 3154 800 3208 ut
830 3149 872 3208 ait
895 3146 976 3224 Virg.
998 3149 1053 3218 Ge.
1075 3150 1106 3221 2,
1128 3142 1219 3222 468„
1245 3146 1305 3206 sive
1329 3150 1408 3222 quod
1429 3149 1510 3226 quie-

346 3248 415 3328 quid
447 3249 485 3307 ad
516 3251 591 3309 vitae
620 3269 689 3307 rusus
720 3251 846 3328 pertinet
879 3249 1004 3328 benigne
1034 3247 1163 3325 largitio.
1207 3247 1254 3304 Sic
1280 3247 1358 3328 apud
1379 3247 1509 3311 Graecos

344 3343 466 3430 ὄλβιος,
489 3343 657 3430 esidoiporv,
678 3347 835 3432 μακάριος.
879 3350 965 3410 Ovid.
985 3347 1048 3411 Διιι.
1073 3353 1103 3426 1,
1127 3348 1179 3426 15,
1200 3345 1252 3412 34.
1288 3350 1418 3430 auriferi
1440 3353 1509 3432 ripa

330 3449 434 3508 'osaea
466 3453 553 3532 Tagi.
586 3453 675 3542 Mart.
694 3452 726 3530 3,
753 3447 807 3532 47,
836 3455 865 3516 6.
893 3451 1003 3511 Omnes
1029 3449 1109 3508 beati
1140 3453 1242 3528 copias
1267 3451 1388 3514 vairam
1415 3457 1506 3514 runc.

343 3553 408 3648 Vid.
430 3561 529 3642 annot.
550 3555 637 3632 ad2,
659 3545 710 3620 44.
745 3553 861 3618 Mitsch.
881 3555 917 3615 ad
940 3554 999 3625 Od
1017 3553 1049 3631 3,
1074 3557 1125 3630 16,
1147 3555 1199 3620 32.
1232 3557 1329 3618 Burm.
1362 3557 1400 3618 ad
1419 3557 1508 3634 Prop.

343 3658 374 3734 2,
398 3653 449 3736 19,
470 3657 524 3721 33.
550 3658 626 3740 Rup.
644 3658 682 3715 ad
700 3657 766 3716 Juv.
786 3660 816 3738 1,
837 3656 890 3720 39.
910 3657 1018 3716 Geruli.
1041 3656 1078 3716 ad
1098 3657 1159 3721 Cic.
1180 3655 1262 3716 Lael.
1292 3677 1322 3734 p.
1343 3659 1414 3724 276.
1450 3657 1505 3716 Er-

342 3768 409 3821 rant
430 3762 533 3843 igitur,
568 3761 616 3840 qui
637 3779 691 3839 pro
713 3759 797 3818 beato
820 3760 906 3821 scribi
925 3758 1033 3819 mdnut
1056 3755 1188 3834 Sabino,
1221 3777 1381 3838 quanquam
1409 3777 1506 3818 eorum

340 3881 423 3922 error
443 3884 507 3924 non.
520 3869 580 3924 tam
604 3861 641 3922 ab
663 3863 718 3924 hoc
739 3883 842 3940 versu,
864 3881 950 3942 quam
968 3881 986 3920 a
1007 3879 1090 3938 seqq.
1111 3863 1261 3940 profectus
1289 3881 1354 3924 esse
1383 3861 1505 3920 videtur.

414 3944 462 4024 Ὗ.
493 3965 628 4033 15-17.
677 3966 733 4022 Est
762 3963 817 4022 ubi
840 3963 915 4041 plue
939 3975 1057 4041 tepeant
1081 3997 1124 4007 —
1144 3963 1295 4022 acutum?
1327 3964 1410 4024 Hunc
1430 3967 1506 4024 ruris

341 4068 562 4148 descriptionem
580 4068 672 4126 Poeta
692 4066 829 4145 imprimis
855 4085 873 4124 a
902 4067 968 4126 villa
992 4085 1044 4126 sun
1063 4065 1170 4124 Sabina
1195 4067 1292 4146 petiit3
1323 4065 1400 4128 illam
1432 4069 1505 4131 enim

340 4168 376 4226 ab
396 4175 481 4232 aestu
502 4170 572 4228 solis
594 4175 624 4228 et
648 4167 752 4244 frigido
774 4174 924 4234 ventorum
944 4169 1210 4248 septentrionalium
1236 4170 1337 4230 efflatu
1366 4169 1505 4228 desende-

339 4269 410 4328 bant
430 4279 543 4334 montes
564 4272 796 4351 circumjacentes
816 4271 846 4330 in
868 4271 959 4349 iisque
983 4271 1139 4344 altissimus
1161 4268 1331 4344 Lucretilis3
1352 4271 1436 4330 aliter
1455 4290 1504 4331 res

338 4372 443 4432 accidit
463 4359 589 4454 Itomae,
621 4372 670 4432 ubi
687 4371 832 4432 mensibus
859 4371 974 4431 aestivis
999 4372 1108 4432 coelum
1131 4390 1238 4452 grave,
1268 4376 1318 4434 air
1343 4390 1430 4450 saepe
1459 4373 1507 4434 in-

338 4471 428 4531 festus
451 4481 480 4532 et
501 4485 631 4559 tempore
653 4472 771 4534 bmmeli
793 4474 992 4552 frigidissimus
1011 4481 1084 4536 erat.
1111 4473 1184 4552 ¹Inde
1209 4475 1267 4536 Od.
1283 4477 1315 4551 1,
1332 4476 1383 4550 17,
1396 4474 1428 4538 3.
1454 4479 1504 4542 17.
