<?xml version="1.0" encoding="UTF-8"?>
<!DOCTYPE html PUBLIC "-//W3C//DTD XHTML 1.0 Transitional//EN"
    "http://www.w3.org/TR/xhtml1/DTD/xhtml1-transitional.dtd">
<html xmlns="http://www.w3.org/1999/xhtml" xml:lang="en" lang="en">
 <head>
  <title>
</title>
<meta http-equiv="Content-Type" content="text/html;charset=utf-8" />
  <meta name='ocr-system' content='tesseract 3.04.00' />
  <meta name='ocr-capabilities' content='ocr_page ocr_carea ocr_par ocr_line ocrx_word'/>
</head>
<body>
  <div class='ocr_page' id='page_1' title='image "./quintihoratiifl00schmgoog_0043.png"; bbox 0 0 3458 5318; ppageno 0'>
   <div class='ocr_carea' id='block_1_1' title="bbox 331 443 1495 574">
    <p class='ocr_par' dir='ltr' id='par_1_1' title="bbox 331 443 1495 574">
     <span class='ocr_line' id='line_1_1' title="bbox 331 443 1495 574; baseline 0.009 -10"><span class='ocrx_word' id='word_1_1' title='bbox 331 501 373 564; x_wconf 84' lang='grc'><strong>34</strong></span> <span class='ocrx_word' id='word_1_2' title='bbox 433 503 714 566; x_wconf 70' lang='lat' dir='ltr'><strong>commun</strong></span> <span class='ocrx_word' id='word_1_3' title='bbox 742 505 783 566; x_wconf 87' lang='grc' dir='ltr'><strong>ΙΝ</strong></span> <span class='ocrx_word' id='word_1_4' title='bbox 804 501 972 565; x_wconf 72' lang='lat' dir='ltr'><strong>nouerit</strong></span> <span class='ocrx_word' id='word_1_5' title='bbox 992 502 1067 564; x_wconf 83' lang='lat' dir='ltr'><strong>LIB.</strong></span> <span class='ocrx_word' id='word_1_6' title='bbox 1090 504 1113 565; x_wconf 91' lang='lat'><strong>1.</strong></span> <span class='ocrx_word' id='word_1_7' title='bbox 1142 502 1267 564; x_wconf 71' lang='lat' dir='ltr'><strong>EPlsT.</strong></span> <span class='ocrx_word' id='word_1_8' title='bbox 1288 443 1420 568; x_wconf 42' lang='lat' dir='ltr'><strong>NON..</strong></span> <span class='ocrx_word' id='word_1_9' title='bbox 1452 506 1495 574; x_wconf 72' lang='lat'><strong>³4</strong></span> 
     </span>
    </p>
   </div>
   <div class='ocr_carea' id='block_1_2' title="bbox 306 674 1498 3819">
    <p class='ocr_par' dir='ltr' id='par_1_2' title="bbox 332 674 1498 958">
     <span class='ocr_line' id='line_1_2' title="bbox 332 674 1497 769; baseline 0 -17"><span class='ocrx_word' id='word_1_10' title='bbox 332 711 394 752; x_wconf 84' lang='lat' dir='ltr'><strong>earn</strong></span> <span class='ocrx_word' id='word_1_11' title='bbox 413 674 470 751; x_wconf 86' lang='lat' dir='ltr'><strong>una</strong></span> <span class='ocrx_word' id='word_1_12' title='bbox 495 709 558 750; x_wconf 89' lang='lat' dir='ltr'><strong>cum</strong></span> <span class='ocrx_word' id='word_1_13' title='bbox 581 689 712 768; x_wconf 76' lang='lat' dir='ltr'>Epistola</span> <span class='ocrx_word' id='word_1_14' title='bbox 736 693 765 756; x_wconf 99' lang='grc'><strong>2.</strong></span> <span class='ocrx_word' id='word_1_15' title='bbox 788 692 818 752; x_wconf 80' lang='grc'><strong>5.</strong></span> <span class='ocrx_word' id='word_1_16' title='bbox 843 691 892 752; x_wconf 86' lang='grc'><strong>13.</strong></span> <span class='ocrx_word' id='word_1_17' title='bbox 917 692 966 752; x_wconf 88' lang='grc'><strong>16.</strong></span> <span class='ocrx_word' id='word_1_18' title='bbox 996 691 1026 747; x_wconf 92' lang='lat' dir='ltr'><strong>in</strong></span> <span class='ocrx_word' id='word_1_19' title='bbox 1056 692 1179 769; x_wconf 85' lang='lat' dir='ltr'><strong>patrium</strong></span> <span class='ocrx_word' id='word_1_20' title='bbox 1210 707 1370 752; x_wconf 82' lang='lat' dir='ltr'><strong>sermonem</strong></span> <span class='ocrx_word' id='word_1_21' title='bbox 1403 691 1497 752; x_wconf 73' lang='lat' dir='ltr'><strong>Gutt-</strong></span> 
     </span>
     <span class='ocr_line' id='line_1_3' title="bbox 333 789 1498 868; baseline 0.001 -14"><span class='ocrx_word' id='word_1_22' title='bbox 333 814 463 854; x_wconf 82' lang='lat' dir='ltr'><strong>mannua</strong></span> <span class='ocrx_word' id='word_1_23' title='bbox 480 789 510 850; x_wconf 90' lang='lat' dir='ltr'><strong>in</strong></span> <span class='ocrx_word' id='word_1_24' title='bbox 524 792 626 868; x_wconf 86' lang='lat' dir='ltr'><strong>Progr.</strong></span> <span class='ocrx_word' id='word_1_25' title='bbox 642 793 731 853; x_wconf 86' lang='lat' dir='ltr'><strong>schol.</strong></span> <span class='ocrx_word' id='word_1_26' title='bbox 752 791 953 854; x_wconf 81' lang='lat' dir='ltr'><strong>Schweidnitz.</strong></span> <span class='ocrx_word' id='word_1_27' title='bbox 975 791 1072 856; x_wconf 80' lang='lat'><strong>1886:</strong></span> <span class='ocrx_word' id='word_1_28' title='bbox 1096 791 1308 868; x_wconf 78' lang='lat' dir='ltr'><strong>„Auserleeene</strong></span> <span class='ocrx_word' id='word_1_29' title='bbox 1321 792 1422 854; x_wconf 82' lang='lat' dir='ltr'><strong>Brieie</strong></span> <span class='ocrx_word' id='word_1_30' title='bbox 1445 795 1498 855; x_wconf 82' lang='lat' dir='ltr'><strong>der</strong></span> 
     </span>
     <span class='ocr_line' id='line_1_4' title="bbox 332 893 780 958; baseline -0.011 -2"><span class='ocrx_word' id='word_1_31' title='bbox 332 897 431 958; x_wconf 74' lang='lat' dir='ltr'><strong>Horra</strong></span> <span class='ocrx_word' id='word_1_32' title='bbox 454 895 599 954; x_wconf 81' lang='lat' dir='ltr'><strong>iibersetzt</strong></span> <span class='ocrx_word' id='word_1_33' title='bbox 627 893 705 952; x_wconf 81' lang='lat' dir='ltr'><strong>von“</strong></span> <span class='ocrx_word' id='word_1_34' title='bbox 727 899 780 952; x_wconf 86' lang='lat' dir='ltr'><strong>etc.</strong></span> 
     </span>
    </p>

    <p class='ocr_par' dir='ltr' id='par_1_3' title="bbox 323 993 1498 3694">
     <span class='ocr_line' id='line_1_5' title="bbox 417 993 1497 1076; baseline 0 -22"><span class='ocrx_word' id='word_1_35' title='bbox 417 997 452 1057; x_wconf 88' lang='lat' dir='ltr'><strong>V.</strong></span> <span class='ocrx_word' id='word_1_36' title='bbox 476 999 505 1058; x_wconf 93' lang='lat'><strong>1.</strong></span> <span class='ocrx_word' id='word_1_37' title='bbox 529 997 558 1058; x_wconf 82' lang='lat'><strong>2.</strong></span> <span class='ocrx_word' id='word_1_38' title='bbox 588 995 751 1072; x_wconf 61' lang='lat' dir='ltr'><strong>Septimia-r</strong></span> <span class='ocrx_word' id='word_1_39' title='bbox 764 1027 806 1040; x_wconf 89' lang='grc'><strong>--</strong></span> <span class='ocrx_word' id='word_1_40' title='bbox 818 1015 909 1074; x_wconf 76' lang='lat' dir='ltr'><strong>proca</strong></span> <span class='ocrx_word' id='word_1_41' title='bbox 930 998 1018 1073; x_wconf 71' lang='lat' dir='ltr'><strong>ccgii.</strong></span> <span class='ocrx_word' id='word_1_42' title='bbox 1063 993 1287 1054; x_wconf 76' lang='lat' dir='ltr'><strong>commendatur</strong></span> <span class='ocrx_word' id='word_1_43' title='bbox 1317 995 1497 1076; x_wconf 66' lang='lat' dir='ltr'><strong>Septimum,</strong></span> 
     </span>
     <span class='ocr_line' id='line_1_6' title="bbox 334 1096 1498 1178; baseline -0.003 -19"><span class='ocrx_word' id='word_1_44' title='bbox 334 1101 400 1178; x_wconf 87' lang='lat' dir='ltr'><strong>qui,</strong></span> <span class='ocrx_word' id='word_1_45' title='bbox 437 1104 469 1158; x_wconf 88' lang='lat' dir='ltr'><strong>ut</strong></span> <span class='ocrx_word' id='word_1_46' title='bbox 490 1103 632 1156; x_wconf 80' lang='lat' dir='ltr'><strong>testantur</strong></span> <span class='ocrx_word' id='word_1_47' title='bbox 653 1096 833 1156; x_wconf 77' lang='lat' dir='ltr'><strong>Scholiastae</strong></span> <span class='ocrx_word' id='word_1_48' title='bbox 854 1097 893 1156; x_wconf 87' lang='lat' dir='ltr'><strong>ad</strong></span> <span class='ocrx_word' id='word_1_49' title='bbox 918 1097 977 1156; x_wconf 86' lang='lat' dir='ltr'><strong>Od.</strong></span> <span class='ocrx_word' id='word_1_50' title='bbox 1007 1099 1046 1173; x_wconf 87' lang='lat'><strong>2,</strong></span> <span class='ocrx_word' id='word_1_51' title='bbox 1079 1097 1130 1171; x_wconf 86' lang='grc'><strong>6.,</strong></span> <span class='ocrx_word' id='word_1_52' title='bbox 1163 1097 1318 1156; x_wconf 87' lang='lat' dir='ltr'><strong>commilito</strong></span> <span class='ocrx_word' id='word_1_53' title='bbox 1345 1097 1413 1156; x_wconf 86' lang='lat' dir='ltr'><strong>olim</strong></span> <span class='ocrx_word' id='word_1_54' title='bbox 1443 1097 1498 1157; x_wconf 81' lang='lat' dir='ltr'><strong>ruit</strong></span> 
     </span>
     <span class='ocr_line' id='line_1_7' title="bbox 333 1196 1497 1278; baseline -0.003 -18"><span class='ocrx_word' id='word_1_55' title='bbox 333 1201 456 1260; x_wconf 78' lang='lat' dir='ltr'><strong>Horatii.</strong></span> <span class='ocrx_word' id='word_1_56' title='bbox 500 1198 585 1258; x_wconf 84' lang='lat' dir='ltr'><strong>Cani.</strong></span> <span class='ocrx_word' id='word_1_57' title='bbox 618 1199 650 1257; x_wconf 84' lang='lat'><strong>0.</strong></span> <span class='ocrx_word' id='word_1_58' title='bbox 678 1196 821 1256; x_wconf 79' lang='lat' dir='ltr'><strong>Sohilieri</strong></span> <span class='ocrx_word' id='word_1_59' title='bbox 839 1197 1032 1257; x_wconf 79' lang='lat' dir='ltr'><strong>commentar.</strong></span> <span class='ocrx_word' id='word_1_60' title='bbox 1062 1217 1091 1276; x_wconf 89' lang='lat' dir='ltr'><strong>p.</strong></span> <span class='ocrx_word' id='word_1_61' title='bbox 1116 1199 1168 1260; x_wconf 89' lang='lat'><strong>86.</strong></span> <span class='ocrx_word' id='word_1_62' title='bbox 1212 1198 1301 1267; x_wconf 81' lang='lat' dir='ltr'><strong>Quod</strong></span> <span class='ocrx_word' id='word_1_63' title='bbox 1322 1199 1392 1258; x_wconf 81' lang='lat' dir='ltr'><strong>dicit</strong></span> <span class='ocrx_word' id='word_1_64' title='bbox 1424 1199 1497 1278; x_wconf 83' lang='lat' dir='ltr'><strong>„ni-</strong></span> 
     </span>
     <span class='ocr_line' id='line_1_8' title="bbox 334 1293 1497 1378; baseline 0 -16"><span class='ocrx_word' id='word_1_65' title='bbox 334 1307 443 1362; x_wconf 78' lang='lat' dir='ltr'><strong>mirum</strong></span> <span class='ocrx_word' id='word_1_66' title='bbox 457 1299 601 1378; x_wconf 72' lang='lat' dir='ltr'><strong>intelligit</strong></span> <span class='ocrx_word' id='word_1_67' title='bbox 610 1321 708 1375; x_wconf 79' lang='lat' dir='ltr'><strong>unua,</strong></span> <span class='ocrx_word' id='word_1_68' title='bbox 726 1299 842 1376; x_wconf 78' lang='lat' dir='ltr'><strong>Quanti</strong></span> <span class='ocrx_word' id='word_1_69' title='bbox 854 1319 901 1358; x_wconf 81' lang='lat' dir='ltr'><strong>me</strong></span> <span class='ocrx_word' id='word_1_70' title='bbox 910 1298 1039 1377; x_wconf 67' lang='lat' dir='ltr'><strong>sacrne“</strong></span> <span class='ocrx_word' id='word_1_71' title='bbox 1058 1305 1118 1358; x_wconf 82' lang='lat' dir='ltr'><strong>est:</strong></span> <span class='ocrx_word' id='word_1_72' title='bbox 1141 1297 1218 1358; x_wconf 78' lang='lat' dir='ltr'><strong>haud</strong></span> <span class='ocrx_word' id='word_1_73' title='bbox 1231 1298 1328 1375; x_wconf 84' lang='lat' dir='ltr'><strong>dubie,</strong></span> <span class='ocrx_word' id='word_1_74' title='bbox 1346 1293 1497 1374; x_wconf 69' lang='grc' dir='ltr'><strong>δηλονότι,</strong></span> 
     </span>
     <span class='ocr_line' id='line_1_9' title="bbox 333 1397 1496 1482; baseline -0.003 -19"><span class='ocrx_word' id='word_1_75' title='bbox 333 1405 465 1482; x_wconf 82' lang='lat' dir='ltr'><strong>intelligit</strong></span> <span class='ocrx_word' id='word_1_76' title='bbox 480 1403 588 1481; x_wconf 88' lang='lat' dir='ltr'><strong>optime</strong></span> <span class='ocrx_word' id='word_1_77' title='bbox 608 1403 740 1461; x_wconf 88' lang='lat' dir='ltr'><strong>omnium.</strong></span> <span class='ocrx_word' id='word_1_78' title='bbox 783 1403 832 1462; x_wconf 91' lang='lat' dir='ltr'><strong>Sic</strong></span> <span class='ocrx_word' id='word_1_79' title='bbox 853 1401 949 1481; x_wconf 84' lang='lat' dir='ltr'><strong>Epod.</strong></span> <span class='ocrx_word' id='word_1_80' title='bbox 974 1402 1033 1476; x_wconf 85' lang='lat'><strong>12,</strong></span> <span class='ocrx_word' id='word_1_81' title='bbox 1060 1397 1089 1460; x_wconf 84' lang='lat'><strong>4.</strong></span> <span class='ocrx_word' id='word_1_82' title='bbox 1113 1402 1256 1478; x_wconf 73' lang='lat' dir='ltr'><strong>sagacius</strong></span> <span class='ocrx_word' id='word_1_83' title='bbox 1277 1420 1359 1460; x_wconf 80' lang='lat' dir='ltr'><strong>unuo</strong></span> <span class='ocrx_word' id='word_1_84' title='bbox 1380 1400 1496 1465; x_wconf 84' lang='lat' dir='ltr'><strong>odcmr.</strong></span> 
     </span>
     <span class='ocr_line' id='line_1_10' title="bbox 333 1499 1495 1580; baseline -0.003 -16"><span class='ocrx_word' id='word_1_85' title='bbox 333 1510 394 1565; x_wconf 83' lang='lat' dir='ltr'><strong>Sat.</strong></span> <span class='ocrx_word' id='word_1_86' title='bbox 418 1508 455 1580; x_wconf 89' lang='grc'><strong>2,</strong></span> <span class='ocrx_word' id='word_1_87' title='bbox 477 1505 515 1578; x_wconf 83' lang='grc'><strong>3,</strong></span> <span class='ocrx_word' id='word_1_88' title='bbox 539 1501 591 1568; x_wconf 87' lang='grc'><strong>24.</strong></span> <span class='ocrx_word' id='word_1_89' title='bbox 620 1503 722 1562; x_wconf 73' lang='lat' dir='ltr'><strong>domoc</strong></span> <span class='ocrx_word' id='word_1_90' title='bbox 744 1507 900 1562; x_wconf 73' lang='lat' dir='ltr'><em>mercarier</em></span> <span class='ocrx_word' id='word_1_91' title='bbox 920 1521 999 1560; x_wconf 68' lang='lat' dir='ltr'><strong>unus</strong></span> <span class='ocrx_word' id='word_1_92' title='bbox 1029 1499 1105 1560; x_wconf 69' lang='lat' dir='ltr'><strong>Ciam</strong></span> <span class='ocrx_word' id='word_1_93' title='bbox 1135 1499 1219 1560; x_wconf 82' lang='lat' dir='ltr'><strong>lucro</strong></span> <span class='ocrx_word' id='word_1_94' title='bbox 1251 1523 1366 1564; x_wconf 83' lang='lat' dir='ltr'><strong>noram.</strong></span> <span class='ocrx_word' id='word_1_95' title='bbox 1409 1502 1495 1563; x_wconf 81' lang='lat' dir='ltr'><strong>Conf.</strong></span> 
     </span>
     <span class='ocr_line' id='line_1_11' title="bbox 332 1602 1494 1682; baseline 0.001 -15"><span class='ocrx_word' id='word_1_96' title='bbox 332 1611 394 1668; x_wconf 84' lang='lat' dir='ltr'><strong>Sat.</strong></span> <span class='ocrx_word' id='word_1_97' title='bbox 423 1609 455 1681; x_wconf 84' lang='lat'><strong>2,</strong></span> <span class='ocrx_word' id='word_1_98' title='bbox 480 1608 510 1680; x_wconf 84' lang='lat'><strong>6,</strong></span> <span class='ocrx_word' id='word_1_99' title='bbox 532 1606 586 1666; x_wconf 78' lang='grc'><strong>57.</strong></span> <span class='ocrx_word' id='word_1_100' title='bbox 630 1605 691 1663; x_wconf 73' lang='lat'><strong>010.</strong></span> <span class='ocrx_word' id='word_1_101' title='bbox 707 1604 796 1664; x_wconf 87' lang='lat' dir='ltr'><strong>Tusc.</strong></span> <span class='ocrx_word' id='word_1_102' title='bbox 820 1609 850 1682; x_wconf 87' lang='lat'><strong>2,</strong></span> <span class='ocrx_word' id='word_1_103' title='bbox 872 1608 924 1682; x_wconf 83' lang='grc'><strong>18,</strong></span> <span class='ocrx_word' id='word_1_104' title='bbox 943 1603 994 1668; x_wconf 85' lang='grc'><strong>43.</strong></span> <span class='ocrx_word' id='word_1_105' title='bbox 1037 1603 1132 1682; x_wconf 86' lang='lat' dir='ltr'><strong>Epist.</strong></span> <span class='ocrx_word' id='word_1_106' title='bbox 1148 1605 1186 1663; x_wconf 85' lang='lat' dir='ltr'><strong>ad</strong></span> <span class='ocrx_word' id='word_1_107' title='bbox 1200 1602 1267 1664; x_wconf 77' lang='lat' dir='ltr'><strong>Dio.</strong></span> <span class='ocrx_word' id='word_1_108' title='bbox 1283 1605 1343 1682; x_wconf 84' lang='lat'><strong>13,</strong></span> <span class='ocrx_word' id='word_1_109' title='bbox 1364 1607 1422 1681; x_wconf 84' lang='lat'><strong>28,</strong></span> <span class='ocrx_word' id='word_1_110' title='bbox 1446 1605 1494 1668; x_wconf 79' lang='grc'><strong>10.</strong></span> 
     </span>
     <span class='ocr_line' id='line_1_12' title="bbox 333 1699 1495 1788; baseline -0.003 -20"><span class='ocrx_word' id='word_1_111' title='bbox 333 1710 419 1788; x_wconf 78' lang='lat' dir='ltr'><strong>[Male</strong></span> <span class='ocrx_word' id='word_1_112' title='bbox 443 1699 546 1766; x_wconf 77' lang='lat' dir='ltr'><strong>talibus</strong></span> <span class='ocrx_word' id='word_1_113' title='bbox 567 1706 638 1765; x_wconf 86' lang='lat' dir='ltr'><strong>locis</strong></span> <span class='ocrx_word' id='word_1_114' title='bbox 654 1707 741 1764; x_wconf 90' lang='lat' dir='ltr'><strong>utitur</strong></span> <span class='ocrx_word' id='word_1_115' title='bbox 759 1706 905 1786; x_wconf 85' lang='lat' dir='ltr'><strong>Bentlejus</strong></span> <span class='ocrx_word' id='word_1_116' title='bbox 920 1707 958 1764; x_wconf 92' lang='lat' dir='ltr'><strong>ad</strong></span> <span class='ocrx_word' id='word_1_117' title='bbox 973 1704 1007 1763; x_wconf 81' lang='lat' dir='ltr'><strong>A.</strong></span> <span class='ocrx_word' id='word_1_118' title='bbox 1022 1706 1056 1764; x_wconf 91' lang='lat' dir='ltr'><strong>P.</strong></span> <span class='ocrx_word' id='word_1_119' title='bbox 1072 1706 1135 1782; x_wconf 71' lang='lat'><strong>82,</strong></span> <span class='ocrx_word' id='word_1_120' title='bbox 1158 1723 1224 1766; x_wconf 83' lang='lat' dir='ltr'><strong>nam</strong></span> <span class='ocrx_word' id='word_1_121' title='bbox 1250 1706 1289 1766; x_wconf 89' lang='lat' dir='ltr'><strong>ibi</strong></span> <span class='ocrx_word' id='word_1_122' title='bbox 1301 1703 1397 1785; x_wconf 74' lang='lat' dir='ltr'><strong>sacher</strong></span> <span class='ocrx_word' id='word_1_123' title='bbox 1416 1725 1495 1764; x_wconf 72' lang='lat' dir='ltr'><strong>uraca</strong></span> 
     </span>
     <span class='ocr_line' id='line_1_13' title="bbox 333 1806 1494 1886; baseline -0.003 -15"><span class='ocrx_word' id='word_1_124' title='bbox 333 1813 434 1872; x_wconf 84' lang='lat' dir='ltr'><strong>dieitur</strong></span> <span class='ocrx_word' id='word_1_125' title='bbox 456 1816 488 1868; x_wconf 89' lang='lat' dir='ltr'><strong>ut</strong></span> <span class='ocrx_word' id='word_1_126' title='bbox 502 1808 564 1866; x_wconf 85' lang='lat' dir='ltr'><strong>Cic.</strong></span> <span class='ocrx_word' id='word_1_127' title='bbox 586 1808 623 1866; x_wconf 84' lang='lat' dir='ltr'><strong>da</strong></span> <span class='ocrx_word' id='word_1_128' title='bbox 642 1807 695 1866; x_wconf 89' lang='lat' dir='ltr'><strong>Or.</strong></span> <span class='ocrx_word' id='word_1_129' title='bbox 714 1810 749 1884; x_wconf 94' lang='lat'><strong>1,</strong></span> <span class='ocrx_word' id='word_1_130' title='bbox 766 1808 825 1886; x_wconf 90' lang='grc'><strong>29,</strong></span> <span class='ocrx_word' id='word_1_131' title='bbox 849 1809 920 1872; x_wconf 83' lang='grc'><strong>182.</strong></span> <span class='ocrx_word' id='word_1_132' title='bbox 948 1827 1028 1866; x_wconf 71' lang='lat' dir='ltr'><strong>aaran</strong></span> <span class='ocrx_word' id='word_1_133' title='bbox 1043 1807 1283 1886; x_wconf 67' lang='lat' dir='ltr'><strong>paterfamiliae,</strong></span> <span class='ocrx_word' id='word_1_134' title='bbox 1305 1809 1342 1867; x_wconf 87' lang='lat' dir='ltr'><strong>de</strong></span> <span class='ocrx_word' id='word_1_135' title='bbox 1358 1826 1416 1885; x_wconf 91' lang='lat' dir='ltr'><strong>quo</strong></span> <span class='ocrx_word' id='word_1_136' title='bbox 1430 1806 1494 1867; x_wconf 88' lang='lat' dir='ltr'><strong>ioco</strong></span> 
     </span>
     <span class='ocr_line' id='line_1_14' title="bbox 333 1905 1494 1986; baseline -0.003 -14"><span class='ocrx_word' id='word_1_137' title='bbox 333 1915 398 1972; x_wconf 82' lang='lat' dir='ltr'><strong>vide</strong></span> <span class='ocrx_word' id='word_1_138' title='bbox 411 1911 508 1971; x_wconf 84' lang='lat' dir='ltr'><strong>Klotz.</strong></span> <span class='ocrx_word' id='word_1_139' title='bbox 529 1908 567 1966; x_wconf 89' lang='lat' dir='ltr'><strong>ad</strong></span> <span class='ocrx_word' id='word_1_140' title='bbox 582 1907 669 1968; x_wconf 84' lang='lat' dir='ltr'><strong>Tusc.</strong></span> <span class='ocrx_word' id='word_1_141' title='bbox 694 1912 723 1986; x_wconf 88' lang='lat'><strong>1,</strong></span> <span class='ocrx_word' id='word_1_142' title='bbox 745 1913 796 1985; x_wconf 91' lang='grc'><strong>12,</strong></span> <span class='ocrx_word' id='word_1_143' title='bbox 824 1913 874 1972; x_wconf 89' lang='grc'><strong>27.</strong></span> <span class='ocrx_word' id='word_1_144' title='bbox 905 1918 934 1968; x_wconf 86' lang='lat' dir='ltr'><strong>et</strong></span> <span class='ocrx_word' id='word_1_145' title='bbox 949 1909 1109 1970; x_wconf 83' lang='lat' dir='ltr'><strong>Weissenb.</strong></span> <span class='ocrx_word' id='word_1_146' title='bbox 1128 1905 1195 1967; x_wconf 84' lang='lat' dir='ltr'><strong>Lat.</strong></span> <span class='ocrx_word' id='word_1_147' title='bbox 1217 1908 1349 1986; x_wconf 84' lang='lat' dir='ltr'><strong>Schulgr.</strong></span> <span class='ocrx_word' id='word_1_148' title='bbox 1371 1908 1397 1982; x_wconf 82' lang='lat'><strong>§.</strong></span> <span class='ocrx_word' id='word_1_149' title='bbox 1421 1911 1494 1985; x_wconf 89' lang='grc'><strong>229,</strong></span> 
     </span>
     <span class='ocr_line' id='line_1_15' title="bbox 335 2009 1494 2092; baseline -0.004 -19"><span class='ocrx_word' id='word_1_150' title='bbox 335 2016 376 2091; x_wconf 84' lang='grc'><strong>1.]</strong></span> <span class='ocrx_word' id='word_1_151' title='bbox 404 2013 450 2073; x_wconf 88' lang='lat' dir='ltr'><strong>De</strong></span> <span class='ocrx_word' id='word_1_152' title='bbox 474 2010 614 2092; x_wconf 85' lang='lat' dir='ltr'><strong>particula</strong></span> <span class='ocrx_word' id='word_1_153' title='bbox 639 2012 783 2069; x_wconf 80' lang='lat' dir='ltr'><strong>niooirum</strong></span> <span class='ocrx_word' id='word_1_154' title='bbox 805 2018 836 2070; x_wconf 93' lang='lat' dir='ltr'><strong>ut</strong></span> <span class='ocrx_word' id='word_1_155' title='bbox 871 2009 927 2086; x_wconf 87' lang='grc'><strong>14,</strong></span> <span class='ocrx_word' id='word_1_156' title='bbox 957 2012 1007 2074; x_wconf 92' lang='grc'><strong>11.</strong></span> <span class='ocrx_word' id='word_1_157' title='bbox 1042 2015 1156 2088; x_wconf 85' lang='lat' dir='ltr'><strong>praeter</strong></span> <span class='ocrx_word' id='word_1_158' title='bbox 1185 2010 1319 2074; x_wconf 75' lang='lat' dir='ltr'><strong>Schmid.</strong></span> <span class='ocrx_word' id='word_1_159' title='bbox 1357 2011 1397 2070; x_wconf 84' lang='lat' dir='ltr'><strong>ad</strong></span> <span class='ocrx_word' id='word_1_160' title='bbox 1422 2009 1451 2072; x_wconf 85' lang='lat' dir='ltr'><strong>h.</strong></span> <span class='ocrx_word' id='word_1_161' title='bbox 1472 2011 1494 2070; x_wconf 93' lang='grc' dir='ltr'><strong>Ι.</strong></span> 
     </span>
     <span class='ocr_line' id='line_1_16' title="bbox 333 2110 1494 2191; baseline -0.003 -17"><span class='ocrx_word' id='word_1_162' title='bbox 333 2117 464 2175; x_wconf 78' lang='lat' dir='ltr'><strong>dixerunt</strong></span> <span class='ocrx_word' id='word_1_163' title='bbox 480 2111 577 2171; x_wconf 73' lang='lat' dir='ltr'><strong>Itum.</strong></span> <span class='ocrx_word' id='word_1_164' title='bbox 593 2119 623 2172; x_wconf 87' lang='lat' dir='ltr'><strong>et</strong></span> <span class='ocrx_word' id='word_1_165' title='bbox 636 2113 734 2173; x_wconf 80' lang='lat' dir='ltr'><strong>Klotz.</strong></span> <span class='ocrx_word' id='word_1_166' title='bbox 757 2113 794 2172; x_wconf 84' lang='lat' dir='ltr'><strong>ad</strong></span> <span class='ocrx_word' id='word_1_167' title='bbox 812 2113 872 2173; x_wconf 85' lang='lat' dir='ltr'><strong>cic.</strong></span> <span class='ocrx_word' id='word_1_168' title='bbox 892 2112 980 2172; x_wconf 72' lang='lat' dir='ltr'><strong>Ture.</strong></span> <span class='ocrx_word' id='word_1_169' title='bbox 1005 2113 1041 2187; x_wconf 85' lang='lat'><strong>1,</strong></span> <span class='ocrx_word' id='word_1_170' title='bbox 1065 2112 1124 2186; x_wconf 84' lang='lat'><strong>22,</strong></span> <span class='ocrx_word' id='word_1_171' title='bbox 1148 2111 1200 2176; x_wconf 73' lang='lat'><strong>52.</strong></span> <span class='ocrx_word' id='word_1_172' title='bbox 1232 2111 1348 2191; x_wconf 81' lang='lat' dir='ltr'><strong>Zumpt.</strong></span> <span class='ocrx_word' id='word_1_173' title='bbox 1374 2111 1413 2170; x_wconf 87' lang='lat' dir='ltr'><strong>ad</strong></span> <span class='ocrx_word' id='word_1_174' title='bbox 1430 2110 1494 2170; x_wconf 79' lang='lat' dir='ltr'><strong>cic.</strong></span> 
     </span>
     <span class='ocr_line' id='line_1_17' title="bbox 333 2211 1495 2293; baseline -0.004 -17"><span class='ocrx_word' id='word_1_175' title='bbox 333 2217 419 2276; x_wconf 83' lang='lat' dir='ltr'><strong>offic.</strong></span> <span class='ocrx_word' id='word_1_176' title='bbox 441 2217 473 2292; x_wconf 87' lang='grc'><strong>2,</strong></span> <span class='ocrx_word' id='word_1_177' title='bbox 492 2214 544 2289; x_wconf 90' lang='grc'><strong>20,</strong></span> <span class='ocrx_word' id='word_1_178' title='bbox 568 2213 618 2275; x_wconf 92' lang='grc'><strong>10.</strong></span> <span class='ocrx_word' id='word_1_179' title='bbox 641 2211 736 2271; x_wconf 85' lang='lat' dir='ltr'><strong>Verba</strong></span> <span class='ocrx_word' id='word_1_180' title='bbox 759 2221 853 2273; x_wconf 86' lang='lat' dir='ltr'><strong>autem</strong></span> <span class='ocrx_word' id='word_1_181' title='bbox 878 2215 941 2292; x_wconf 83' lang='lat' dir='ltr'><strong>ipsa</strong></span> <span class='ocrx_word' id='word_1_182' title='bbox 965 2212 1034 2271; x_wconf 84' lang='lat' dir='ltr'><strong>nihil</strong></span> <span class='ocrx_word' id='word_1_183' title='bbox 1058 2212 1136 2270; x_wconf 87' lang='lat' dir='ltr'><strong>aliud</strong></span> <span class='ocrx_word' id='word_1_184' title='bbox 1158 2213 1321 2291; x_wconf 84' lang='lat' dir='ltr'><strong>significant</strong></span> <span class='ocrx_word' id='word_1_185' title='bbox 1343 2213 1398 2274; x_wconf 84' lang='lat' dir='ltr'><strong>uisi</strong></span> <span class='ocrx_word' id='word_1_186' title='bbox 1419 2214 1495 2293; x_wconf 86' lang='lat' dir='ltr'><strong>Sep·</strong></span> 
     </span>
     <span class='ocr_line' id='line_1_18' title="bbox 333 2312 1496 2397; baseline -0.002 -20"><span class='ocrx_word' id='word_1_187' title='bbox 333 2319 403 2377; x_wconf 86' lang='lat' dir='ltr'><strong>timii</strong></span> <span class='ocrx_word' id='word_1_188' title='bbox 416 2315 559 2397; x_wconf 84' lang='lat' dir='ltr'><strong>quandem</strong></span> <span class='ocrx_word' id='word_1_189' title='bbox 577 2314 607 2374; x_wconf 90' lang='lat' dir='ltr'><strong>in</strong></span> <span class='ocrx_word' id='word_1_190' title='bbox 623 2312 734 2374; x_wconf 87' lang='lat' dir='ltr'><strong>Tiberii</strong></span> <span class='ocrx_word' id='word_1_191' title='bbox 751 2315 925 2374; x_wconf 87' lang='lat' dir='ltr'><strong>consortium</strong></span> <span class='ocrx_word' id='word_1_192' title='bbox 947 2333 1011 2374; x_wconf 81' lang='lat' dir='ltr'><strong>aeae</strong></span> <span class='ocrx_word' id='word_1_193' title='bbox 1030 2314 1198 2374; x_wconf 78' lang='lat' dir='ltr'><strong>insinuantis</strong></span> <span class='ocrx_word' id='word_1_194' title='bbox 1218 2314 1384 2392; x_wconf 81' lang='lat' dir='ltr'><strong>audaciam,</strong></span> <span class='ocrx_word' id='word_1_195' title='bbox 1410 2333 1496 2393; x_wconf 86' lang='lat' dir='ltr'><strong>quae,</strong></span> 
     </span>
     <span class='ocr_line' id='line_1_19' title="bbox 334 2415 1496 2498; baseline -0.002 -20"><span class='ocrx_word' id='word_1_196' title='bbox 334 2420 401 2478; x_wconf 86' lang='lat' dir='ltr'><strong>dum</strong></span> <span class='ocrx_word' id='word_1_197' title='bbox 421 2416 636 2498; x_wconf 79' lang='lat' dir='ltr'><strong>praetenditur,</strong></span> <span class='ocrx_word' id='word_1_198' title='bbox 672 2415 779 2476; x_wconf 87' lang='lat' dir='ltr'><strong>urbane</strong></span> <span class='ocrx_word' id='word_1_199' title='bbox 801 2422 984 2494; x_wconf 77' lang='lat' dir='ltr'><strong>extenuatur,</strong></span> <span class='ocrx_word' id='word_1_200' title='bbox 1016 2416 1176 2475; x_wconf 80' lang='lat' dir='ltr'><strong>verecunde</strong></span> <span class='ocrx_word' id='word_1_201' title='bbox 1199 2423 1349 2476; x_wconf 76' lang='lat' dir='ltr'><strong>excusatur</strong></span> <span class='ocrx_word' id='word_1_202' title='bbox 1370 2425 1401 2476; x_wconf 94' lang='lat' dir='ltr'><strong>ut</strong></span> <span class='ocrx_word' id='word_1_203' title='bbox 1421 2416 1496 2476; x_wconf 80' lang='lat' dir='ltr'><strong>infra</strong></span> 
     </span>
     <span class='ocr_line' id='line_1_20' title="bbox 332 2516 1496 2598; baseline 0.003 -21"><span class='ocrx_word' id='word_1_204' title='bbox 332 2519 442 2580; x_wconf 81' lang='lat' dir='ltr'><strong>verbis:</strong></span> <span class='ocrx_word' id='word_1_205' title='bbox 465 2518 549 2576; x_wconf 63' lang='lat' dir='ltr'><strong>novi</strong></span> <span class='ocrx_word' id='word_1_206' title='bbox 562 2537 610 2574; x_wconf 80' lang='lat' dir='ltr'><strong>me</strong></span> <span class='ocrx_word' id='word_1_207' title='bbox 624 2516 748 2576; x_wconf 63' lang='lat' dir='ltr'><strong>valdius</strong></span> <span class='ocrx_word' id='word_1_208' title='bbox 769 2520 833 2597; x_wconf 77' lang='lat' dir='ltr'><strong>ipro</strong></span> <span class='ocrx_word' id='word_1_209' title='bbox 846 2518 882 2580; x_wconf 82' lang='lat' dir='ltr'><strong>ab</strong></span> <span class='ocrx_word' id='word_1_210' title='bbox 896 2519 1017 2596; x_wconf 79' lang='lat' dir='ltr'><strong>ipsoque</strong></span> <span class='ocrx_word' id='word_1_211' title='bbox 1031 2517 1156 2578; x_wconf 81' lang='lat' dir='ltr'><strong>Horatio</strong></span> <span class='ocrx_word' id='word_1_212' title='bbox 1171 2517 1254 2596; x_wconf 87' lang='lat' dir='ltr'><strong>eulpa</strong></span> <span class='ocrx_word' id='word_1_213' title='bbox 1271 2519 1496 2598; x_wconf 67' lang='lat' dir='ltr'><strong>importunarum</strong></span> 
     </span>
     <span class='ocr_line' id='line_1_21' title="bbox 331 2619 1498 2701; baseline -0.003 -20"><span class='ocrx_word' id='word_1_214' title='bbox 331 2639 447 2701; x_wconf 87' lang='lat' dir='ltr'><strong>precum</strong></span> <span class='ocrx_word' id='word_1_215' title='bbox 469 2625 640 2678; x_wconf 88' lang='lat' dir='ltr'><strong>removetur.</strong></span> <span class='ocrx_word' id='word_1_216' title='bbox 683 2619 759 2679; x_wconf 85' lang='lat' dir='ltr'><strong>Hinc</strong></span> <span class='ocrx_word' id='word_1_217' title='bbox 788 2619 906 2693; x_wconf 89' lang='lat' dir='ltr'><strong>dubito,</strong></span> <span class='ocrx_word' id='word_1_218' title='bbox 933 2637 1000 2676; x_wconf 88' lang='lat' dir='ltr'><strong>num</strong></span> <span class='ocrx_word' id='word_1_219' title='bbox 1021 2637 1082 2678; x_wconf 87' lang='lat' dir='ltr'><strong>reru</strong></span> <span class='ocrx_word' id='word_1_220' title='bbox 1105 2638 1157 2677; x_wconf 87' lang='lat' dir='ltr'><strong>acu</strong></span> <span class='ocrx_word' id='word_1_221' title='bbox 1182 2619 1310 2696; x_wconf 78' lang='lat' dir='ltr'><strong>tetigerit</strong></span> <span class='ocrx_word' id='word_1_222' title='bbox 1333 2626 1362 2678; x_wconf 89' lang='lat' dir='ltr'><strong>et</strong></span> <span class='ocrx_word' id='word_1_223' title='bbox 1388 2620 1498 2678; x_wconf 71' lang='lat' dir='ltr'><strong>Zernii</strong></span> 
     </span>
     <span class='ocr_line' id='line_1_22' title="bbox 332 2719 1496 2802; baseline -0.003 -20"><span class='ocrx_word' id='word_1_224' title='bbox 332 2721 499 2802; x_wconf 82' lang='lat' dir='ltr'><strong>explicatio,</strong></span> <span class='ocrx_word' id='word_1_225' title='bbox 522 2721 567 2778; x_wconf 92' lang='lat' dir='ltr'><strong>cui</strong></span> <span class='ocrx_word' id='word_1_226' title='bbox 586 2719 760 2798; x_wconf 78' lang='lat' dir='ltr'><strong>mrffrngatur</strong></span> <span class='ocrx_word' id='word_1_227' title='bbox 787 2720 937 2781; x_wconf 78' lang='lat' dir='ltr'><strong>Orelliuo:</strong></span> <span class='ocrx_word' id='word_1_228' title='bbox 966 2719 1068 2797; x_wconf 86' lang='lat' dir='ltr'><strong>„Ergo</strong></span> <span class='ocrx_word' id='word_1_229' title='bbox 1089 2719 1274 2780; x_wconf 88' lang='lat' dir='ltr'><strong>metuendum</strong></span> <span class='ocrx_word' id='word_1_230' title='bbox 1294 2738 1353 2778; x_wconf 88' lang='lat' dir='ltr'><strong>non</strong></span> <span class='ocrx_word' id='word_1_231' title='bbox 1373 2726 1436 2796; x_wconf 79' lang='lat' dir='ltr'><strong>eet,</strong></span> <span class='ocrx_word' id='word_1_232' title='bbox 1458 2739 1496 2779; x_wconf 89' lang='lat' dir='ltr'><strong>ne</strong></span> 
     </span>
     <span class='ocr_line' id='line_1_23' title="bbox 330 2821 1494 2902; baseline 0 -20"><span class='ocrx_word' id='word_1_233' title='bbox 330 2833 360 2883; x_wconf 92' lang='lat' dir='ltr'><strong>te</strong></span> <span class='ocrx_word' id='word_1_234' title='bbox 378 2822 624 2884; x_wconf 85' lang='lat' dir='ltr'><strong>commendatione</strong></span> <span class='ocrx_word' id='word_1_235' title='bbox 643 2821 763 2882; x_wconf 86' lang='lat' dir='ltr'><strong>aliorum</strong></span> <span class='ocrx_word' id='word_1_236' title='bbox 785 2822 963 2882; x_wconf 82' lang='lat' dir='ltr'><strong>obtundam“</strong></span> <span class='ocrx_word' id='word_1_237' title='bbox 986 2828 1015 2880; x_wconf 91' lang='lat' dir='ltr'><strong>et</strong></span> <span class='ocrx_word' id='word_1_238' title='bbox 1036 2821 1162 2881; x_wconf 80' lang='lat' dir='ltr'><strong>Botlzii:</strong></span> <span class='ocrx_word' id='word_1_239' title='bbox 1192 2821 1292 2900; x_wconf 87' lang='lat' dir='ltr'><strong>„Nam</strong></span> <span class='ocrx_word' id='word_1_240' title='bbox 1318 2839 1413 2898; x_wconf 89' lang='lat' dir='ltr'><strong>neque</strong></span> <span class='ocrx_word' id='word_1_241' title='bbox 1430 2821 1494 2902; x_wconf 83' lang='lat' dir='ltr'><strong>ipse</strong></span> 
     </span>
     <span class='ocr_line' id='line_1_24' title="bbox 329 2921 1495 3006; baseline 0 -22"><span class='ocrx_word' id='word_1_242' title='bbox 329 2926 406 3001; x_wconf 81' lang='lat' dir='ltr'><strong>ecio,</strong></span> <span class='ocrx_word' id='word_1_243' title='bbox 428 2943 482 2984; x_wconf 86' lang='lat' dir='ltr'><strong>nec</strong></span> <span class='ocrx_word' id='word_1_244' title='bbox 494 2923 616 2984; x_wconf 82' lang='lat' dir='ltr'><strong>credo.“</strong></span> <span class='ocrx_word' id='word_1_245' title='bbox 631 2957 673 2968; x_wconf 89' lang='lat'><strong>·-</strong></span> <span class='ocrx_word' id='word_1_246' title='bbox 695 2923 731 2984; x_wconf 87' lang='lat' dir='ltr'><strong>V.</strong></span> <span class='ocrx_word' id='word_1_247' title='bbox 754 2927 783 2990; x_wconf 87' lang='lat'><strong>2.</strong></span> <span class='ocrx_word' id='word_1_248' title='bbox 805 2945 901 3006; x_wconf 76' lang='lat' dir='ltr'><strong>quarm</strong></span> <span class='ocrx_word' id='word_1_249' title='bbox 919 2935 1010 3003; x_wconf 80' lang='lat' dir='ltr'><strong>rogat</strong></span> <span class='ocrx_word' id='word_1_250' title='bbox 1034 2934 1064 2980; x_wconf 77' lang='lat' dir='ltr'><strong>er</strong></span> <span class='ocrx_word' id='word_1_251' title='bbox 1073 2945 1163 3000; x_wconf 81' lang='lat' dir='ltr'><strong>proce</strong></span> <span class='ocrx_word' id='word_1_252' title='bbox 1187 2924 1278 3002; x_wconf 82' lang='lat' dir='ltr'><strong>cogit.</strong></span> <span class='ocrx_word' id='word_1_253' title='bbox 1307 2921 1380 2984; x_wconf 84' lang='lat' dir='ltr'><strong>Plio.</strong></span> <span class='ocrx_word' id='word_1_254' title='bbox 1400 2923 1495 3005; x_wconf 76' lang='lat' dir='ltr'><strong>Epist.</strong></span> 
     </span>
     <span class='ocr_line' id='line_1_25' title="bbox 330 3025 1495 3107; baseline 0.002 -23"><span class='ocrx_word' id='word_1_255' title='bbox 330 3028 430 3104; x_wconf 86' lang='lat'><strong>2,13,</strong></span> <span class='ocrx_word' id='word_1_256' title='bbox 455 3029 504 3089; x_wconf 89' lang='grc'><strong>11.</strong></span> <span class='ocrx_word' id='word_1_257' title='bbox 533 3025 638 3104; x_wconf 83' lang='lat' dir='ltr'><strong>Rogat</strong></span> <span class='ocrx_word' id='word_1_258' title='bbox 657 3028 736 3084; x_wconf 84' lang='lat' dir='ltr'><strong>enim</strong></span> <span class='ocrx_word' id='word_1_259' title='bbox 760 3026 928 3107; x_wconf 82' lang='lat' dir='ltr'><strong>etquidem</strong></span> <span class='ocrx_word' id='word_1_260' title='bbox 955 3026 1179 3106; x_wconf 70' lang='lat' dir='ltr'><strong>efficaciacime,</strong></span> <span class='ocrx_word' id='word_1_261' title='bbox 1205 3030 1260 3106; x_wconf 82' lang='lat' dir='ltr'><strong>qui</strong></span> <span class='ocrx_word' id='word_1_262' title='bbox 1273 3025 1495 3086; x_wconf 64' lang='lat' dir='ltr'><strong>redditionem</strong></span> 
     </span>
     <span class='ocr_line' id='line_1_26' title="bbox 328 3125 1498 3208; baseline -0.001 -22"><span class='ocrx_word' id='word_1_263' title='bbox 328 3128 466 3208; x_wconf 80' lang='lat' dir='ltr'><strong>rogandi.</strong></span> <span class='ocrx_word' id='word_1_264' title='bbox 494 3127 567 3187; x_wconf 88' lang='lat' dir='ltr'><strong>Ibid.</strong></span> <span class='ocrx_word' id='word_1_265' title='bbox 583 3128 615 3204; x_wconf 89' lang='grc'><strong>9,</strong></span> <span class='ocrx_word' id='word_1_266' title='bbox 632 3131 684 3205; x_wconf 88' lang='grc'><strong>21,</strong></span> <span class='ocrx_word' id='word_1_267' title='bbox 704 3125 734 3190; x_wconf 86' lang='grc'><strong>4.</strong></span> <span class='ocrx_word' id='word_1_268' title='bbox 762 3131 870 3188; x_wconf 83' lang='lat' dir='ltr'><strong>Vereor</strong></span> <span class='ocrx_word' id='word_1_269' title='bbox 887 3149 924 3187; x_wconf 76' lang='lat' dir='ltr'><strong>ne</strong></span> <span class='ocrx_word' id='word_1_270' title='bbox 939 3127 1044 3187; x_wconf 70' lang='lat' dir='ltr'><strong>videar</strong></span> <span class='ocrx_word' id='word_1_271' title='bbox 1058 3147 1119 3188; x_wconf 80' lang='lat' dir='ltr'><strong>non</strong></span> <span class='ocrx_word' id='word_1_272' title='bbox 1135 3149 1260 3208; x_wconf 78' lang='lat' dir='ltr'><strong>rugare,</strong></span> <span class='ocrx_word' id='word_1_273' title='bbox 1271 3128 1326 3188; x_wconf 79' lang='lat' dir='ltr'><strong>aed</strong></span> <span class='ocrx_word' id='word_1_274' title='bbox 1340 3147 1457 3207; x_wconf 81' lang='lat' dir='ltr'><strong>cogere,</strong></span> <span class='ocrx_word' id='word_1_275' title='bbox 1469 3130 1498 3186; x_wconf 79' lang='lat' dir='ltr'><strong>ei</strong></span> 
     </span>
     <span class='ocr_line' id='line_1_27' title="bbox 323 3229 1496 3310; baseline 0.002 -24"><span class='ocrx_word' id='word_1_276' title='bbox 323 3229 464 3308; x_wconf 81' lang='lat' dir='ltr'><strong>precibua</strong></span> <span class='ocrx_word' id='word_1_277' title='bbox 487 3232 552 3300; x_wconf 68' lang='lat' dir='ltr'><strong>‹y&#39;ue</strong></span> <span class='ocrx_word' id='word_1_278' title='bbox 573 3249 654 3286; x_wconf 79' lang='lat' dir='ltr'><strong>oreae</strong></span> <span class='ocrx_word' id='word_1_279' title='bbox 670 3235 811 3302; x_wconf 80' lang='lat' dir='ltr'><strong>junxero.</strong></span> <span class='ocrx_word' id='word_1_280' title='bbox 856 3231 942 3290; x_wconf 84' lang='lat' dir='ltr'><strong>ovid.</strong></span> <span class='ocrx_word' id='word_1_281' title='bbox 959 3230 1031 3290; x_wconf 78' lang='lat' dir='ltr'><strong>ruet</strong></span> <span class='ocrx_word' id='word_1_282' title='bbox 1056 3234 1087 3308; x_wconf 90' lang='grc'><strong>7,</strong></span> <span class='ocrx_word' id='word_1_283' title='bbox 1110 3230 1161 3296; x_wconf 88' lang='grc'><strong>46.</strong></span> <span class='ocrx_word' id='word_1_284' title='bbox 1191 3249 1356 3310; x_wconf 75' lang='lat' dir='ltr'><strong>cogamque</strong></span> <span class='ocrx_word' id='word_1_285' title='bbox 1375 3231 1410 3287; x_wconf 81' lang='lat' dir='ltr'><strong>in</strong></span> <span class='ocrx_word' id='word_1_286' title='bbox 1421 3229 1496 3308; x_wconf 82' lang='lat' dir='ltr'><strong>foo-</strong></span> 
     </span>
     <span class='ocr_line' id='line_1_28' title="bbox 327 3329 1495 3408; baseline 0.002 -20"><span class='ocrx_word' id='word_1_287' title='bbox 327 3331 401 3388; x_wconf 81' lang='lat' dir='ltr'><strong>dera</strong></span> <span class='ocrx_word' id='word_1_288' title='bbox 423 3337 508 3385; x_wconf 73' lang='lat' dir='ltr'><strong>meree</strong></span> <span class='ocrx_word' id='word_1_289' title='bbox 531 3329 606 3387; x_wconf 77' lang='lat' dir='ltr'><strong>Ecce</strong></span> <span class='ocrx_word' id='word_1_290' title='bbox 630 3329 709 3393; x_wconf 73' lang='lat' dir='ltr'><strong>deos.</strong></span> <span class='ocrx_word' id='word_1_291' title='bbox 739 3331 911 3392; x_wconf 80' lang='lat' dir='ltr'><strong>Torrentius</strong></span> <span class='ocrx_word' id='word_1_292' title='bbox 932 3332 1032 3393; x_wconf 84' lang='lat' dir='ltr'><strong>laudat</strong></span> <span class='ocrx_word' id='word_1_293' title='bbox 1050 3333 1194 3394; x_wconf 85' lang='lat' dir='ltr'><strong>senarium</strong></span> <span class='ocrx_word' id='word_1_294' title='bbox 1216 3331 1295 3391; x_wconf 89' lang='lat' dir='ltr'><strong>ilium</strong></span> <span class='ocrx_word' id='word_1_295' title='bbox 1319 3329 1399 3408; x_wconf 87' lang='lat' dir='ltr'><strong>(Syr.</strong></span> <span class='ocrx_word' id='word_1_296' title='bbox 1421 3331 1495 3390; x_wconf 84' lang='lat' dir='ltr'><strong>Sen-</strong></span> 
     </span>
     <span class='ocr_line' id='line_1_29' title="bbox 327 3429 1495 3516; baseline -0.001 -24"><span class='ocrx_word' id='word_1_297' title='bbox 327 3436 399 3492; x_wconf 90' lang='lat' dir='ltr'><strong>tent.</strong></span> <span class='ocrx_word' id='word_1_298' title='bbox 428 3431 500 3494; x_wconf 84' lang='lat'><strong>186.</strong></span> <span class='ocrx_word' id='word_1_299' title='bbox 534 3431 581 3489; x_wconf 88' lang='lat' dir='ltr'><strong>ed.</strong></span> <span class='ocrx_word' id='word_1_300' title='bbox 610 3429 726 3510; x_wconf 87' lang='lat' dir='ltr'><strong>Both.):</strong></span> <span class='ocrx_word' id='word_1_301' title='bbox 773 3433 860 3510; x_wconf 80' lang='lat' dir='ltr'><strong>Cogit</strong></span> <span class='ocrx_word' id='word_1_302' title='bbox 883 3435 1020 3511; x_wconf 79' lang='lat' dir='ltr'><strong>rogando</strong></span> <span class='ocrx_word' id='word_1_303' title='bbox 1052 3440 1106 3516; x_wconf 85' lang='lat' dir='ltr'><strong>qui</strong></span> <span class='ocrx_word' id='word_1_304' title='bbox 1140 3445 1229 3512; x_wconf 80' lang='lat' dir='ltr'><strong>rogor</strong></span> <span class='ocrx_word' id='word_1_305' title='bbox 1250 3435 1414 3512; x_wconf 77' lang='lat' dir='ltr'><strong>potentior.</strong></span> <span class='ocrx_word' id='word_1_306' title='bbox 1460 3431 1495 3491; x_wconf 91' lang='lat' dir='ltr'><strong>In</strong></span> 
     </span>
     <span class='ocr_line' id='line_1_30' title="bbox 327 3532 1495 3616; baseline 0.003 -25"><span class='ocrx_word' id='word_1_307' title='bbox 327 3536 461 3612; x_wconf 86' lang='lat' dir='ltr'><strong>promptu</strong></span> <span class='ocrx_word' id='word_1_308' title='bbox 484 3539 580 3591; x_wconf 86' lang='lat' dir='ltr'><strong>autern</strong></span> <span class='ocrx_word' id='word_1_309' title='bbox 605 3539 668 3608; x_wconf 81' lang='lat' dir='ltr'><strong>est,</strong></span> <span class='ocrx_word' id='word_1_310' title='bbox 694 3533 737 3592; x_wconf 79' lang='lat' dir='ltr'><strong>iris</strong></span> <span class='ocrx_word' id='word_1_311' title='bbox 758 3533 854 3594; x_wconf 80' lang='lat' dir='ltr'><strong>verbis</strong></span> <span class='ocrx_word' id='word_1_312' title='bbox 875 3532 998 3596; x_wconf 82' lang='lat' dir='ltr'><strong>Poetam</strong></span> <span class='ocrx_word' id='word_1_313' title='bbox 1020 3535 1150 3616; x_wconf 82' lang='lat' dir='ltr'><strong>sibiipsi</strong></span> <span class='ocrx_word' id='word_1_314' title='bbox 1171 3552 1273 3614; x_wconf 81' lang='lat' dir='ltr'><strong>parare</strong></span> <span class='ocrx_word' id='word_1_315' title='bbox 1294 3537 1334 3594; x_wconf 83' lang='lat' dir='ltr'><strong>ad</strong></span> <span class='ocrx_word' id='word_1_316' title='bbox 1347 3533 1495 3596; x_wconf 84' lang='lat' dir='ltr'><strong>Tiberium</strong></span> 
     </span>
     <span class='ocr_line' id='line_1_31' title="bbox 328 3634 548 3694; baseline -0.009 0"><span class='ocrx_word' id='word_1_317' title='bbox 328 3634 548 3694; x_wconf 79' lang='lat' dir='ltr'><strong>excusationem.</strong></span> 
     </span>
    </p>

    <p class='ocr_par' dir='ltr' id='par_1_4' title="bbox 306 3735 1496 3819">
     <span class='ocr_line' id='line_1_32' title="bbox 306 3735 1496 3819; baseline 0.003 -26"><span class='ocrx_word' id='word_1_318' title='bbox 306 3795 310 3806; x_wconf 68' lang='grc'><strong>,</strong></span> <span class='ocrx_word' id='word_1_319' title='bbox 409 3735 445 3795; x_wconf 90' lang='lat' dir='ltr'><strong>V.</strong></span> <span class='ocrx_word' id='word_1_320' title='bbox 461 3736 492 3799; x_wconf 86' lang='lat'><strong>3.</strong></span> <span class='ocrx_word' id='word_1_321' title='bbox 528 3736 704 3796; x_wconf 78' lang='lat' dir='ltr'><strong>Sciiiecr—</strong></span> <span class='ocrx_word' id='word_1_322' title='bbox 718 3755 813 3797; x_wconf 82' lang='lat' dir='ltr'><strong>coner.</strong></span> <span class='ocrx_word' id='word_1_323' title='bbox 846 3740 895 3799; x_wconf 85' lang='lat' dir='ltr'><strong>Sic</strong></span> <span class='ocrx_word' id='word_1_324' title='bbox 908 3739 1001 3818; x_wconf 74' lang='lat' dir='ltr'><strong>Epist.</strong></span> <span class='ocrx_word' id='word_1_325' title='bbox 1020 3745 1053 3819; x_wconf 90' lang='grc'><strong>2,</strong></span> <span class='ocrx_word' id='word_1_326' title='bbox 1073 3745 1104 3817; x_wconf 89' lang='grc'><strong>2,</strong></span> <span class='ocrx_word' id='word_1_327' title='bbox 1128 3738 1178 3804; x_wconf 87' lang='grc'><strong>44.</strong></span> <span class='ocrx_word' id='word_1_328' title='bbox 1207 3737 1330 3798; x_wconf 79' lang='lat' dir='ltr'><strong>Scilicet</strong></span> <span class='ocrx_word' id='word_1_329' title='bbox 1339 3738 1496 3816; x_wconf 68' lang='lat' dir='ltr'><strong>repererim</strong></span> 
     </span>
    </p>
   </div>
   <div class='ocr_carea' id='block_1_3' title="bbox 328 3837 1603 3921">
    <p class='ocr_par' dir='ltr' id='par_1_5' title="bbox 328 3837 1603 3921">
     <span class='ocr_line' id='line_1_33' title="bbox 328 3837 1603 3921; baseline 0 -23"><span class='ocrx_word' id='word_1_330' title='bbox 328 3857 420 3898; x_wconf 81' lang='lat' dir='ltr'><strong>curvo</strong></span> <span class='ocrx_word' id='word_1_331' title='bbox 441 3837 615 3917; x_wconf 55' lang='grc' dir='ltr'><strong>ἄιξιιοεοεη</strong></span> <span class='ocrx_word' id='word_1_332' title='bbox 635 3859 747 3898; x_wconf 65' lang='lat' dir='ltr'><strong>vuum.</strong></span> <span class='ocrx_word' id='word_1_333' title='bbox 787 3841 1015 3920; x_wconf 80' lang='lat' dir='ltr'><strong>sot.2,1,70.</strong></span> <span class='ocrx_word' id='word_1_334' title='bbox 1046 3841 1169 3901; x_wconf 61' lang='lat' dir='ltr'><strong>Scilicet</strong></span> <span class='ocrx_word' id='word_1_335' title='bbox 1182 3843 1239 3902; x_wconf 83' lang='lat' dir='ltr'><strong>uni</strong></span> <span class='ocrx_word' id='word_1_336' title='bbox 1251 3859 1368 3921; x_wconf 77' lang='lat' dir='ltr'><strong>aequm</strong></span> <span class='ocrx_word' id='word_1_337' title='bbox 1389 3842 1496 3898; x_wconf 59' lang='lat' dir='ltr'><strong>vincti</strong></span> <span class='ocrx_word' id='word_1_338' title='bbox 1593 3853 1603 3866; x_wconf 84' lang='grc'><em>“</em></span> 
     </span>
    </p>
   </div>
   <div class='ocr_carea' id='block_1_4' title="bbox 320 3940 1495 4632">
    <p class='ocr_par' dir='ltr' id='par_1_6' title="bbox 320 3940 1495 4632">
     <span class='ocr_line' id='line_1_34' title="bbox 327 3940 1495 4023; baseline 0.001 -23"><span class='ocrx_word' id='word_1_339' title='bbox 327 3949 383 4000; x_wconf 85' lang='lat' dir='ltr'><strong>etc.</strong></span> <span class='ocrx_word' id='word_1_340' title='bbox 408 3941 464 4000; x_wconf 87' lang='lat' dir='ltr'><strong>0d.</strong></span> <span class='ocrx_word' id='word_1_341' title='bbox 481 3943 512 4018; x_wconf 89' lang='grc'><strong>2,</strong></span> <span class='ocrx_word' id='word_1_342' title='bbox 536 3942 589 4018; x_wconf 86' lang='grc'><strong>14,</strong></span> <span class='ocrx_word' id='word_1_343' title='bbox 608 3942 639 4003; x_wconf 88' lang='grc'><strong>9.</strong></span> <span class='ocrx_word' id='word_1_344' title='bbox 662 3941 775 4002; x_wconf 80' lang='lat' dir='ltr'><strong>ocilicet</strong></span> <span class='ocrx_word' id='word_1_345' title='bbox 788 3940 926 4001; x_wconf 80' lang='lat' dir='ltr'><strong>omnibua</strong></span> <span class='ocrx_word' id='word_1_346' title='bbox 946 3942 1134 4023; x_wconf 76' lang='lat' dir='ltr'><strong>Quicumque</strong></span> <span class='ocrx_word' id='word_1_347' title='bbox 1147 3954 1242 4002; x_wconf 78' lang='lat' dir='ltr'><strong>terrae</strong></span> <span class='ocrx_word' id='word_1_348' title='bbox 1255 3962 1378 4002; x_wconf 74' lang='lat' dir='ltr'><strong>mutiero</strong></span> <span class='ocrx_word' id='word_1_349' title='bbox 1395 3943 1495 4000; x_wconf 76' lang='lat' dir='ltr'><strong>verci-</strong></span> 
     </span>
     <span class='ocr_line' id='line_1_35' title="bbox 325 4039 1494 4124; baseline 0 -22"><span class='ocrx_word' id='word_1_350' title='bbox 325 4063 403 4102; x_wconf 86' lang='lat' dir='ltr'><strong>mur.</strong></span> <span class='ocrx_word' id='word_1_351' title='bbox 430 4039 574 4103; x_wconf 84' lang='lat' dir='ltr'><strong>Particula</strong></span> <span class='ocrx_word' id='word_1_352' title='bbox 594 4049 690 4104; x_wconf 87' lang='lat' dir='ltr'><strong>autem</strong></span> <span class='ocrx_word' id='word_1_353' title='bbox 705 4045 770 4104; x_wconf 79' lang='lat' dir='ltr'><strong>ocii.</strong></span> <span class='ocrx_word' id='word_1_354' title='bbox 786 4043 938 4106; x_wconf 89' lang='lat' dir='ltr'><strong>verborum</strong></span> <span class='ocrx_word' id='word_1_355' title='bbox 952 4065 1026 4124; x_wconf 85' lang='lat' dir='ltr'><strong>quae</strong></span> <span class='ocrx_word' id='word_1_356' title='bbox 1040 4055 1197 4124; x_wconf 84' lang='lat' dir='ltr'><strong>sequuntur</strong></span> <span class='ocrx_word' id='word_1_357' title='bbox 1218 4046 1260 4104; x_wconf 81' lang='lat' dir='ltr'><strong>vie</strong></span> <span class='ocrx_word' id='word_1_358' title='bbox 1281 4045 1326 4104; x_wconf 89' lang='lat' dir='ltr'><strong>vel</strong></span> <span class='ocrx_word' id='word_1_359' title='bbox 1347 4043 1494 4121; x_wconf 72' lang='lat' dir='ltr'><strong>significa-</strong></span> 
     </span>
     <span class='ocr_line' id='line_1_36' title="bbox 325 4143 1492 4226; baseline -0.003 -20"><span class='ocrx_word' id='word_1_360' title='bbox 325 4155 388 4223; x_wconf 88' lang='lat' dir='ltr'><strong>tur,</strong></span> <span class='ocrx_word' id='word_1_361' title='bbox 403 4144 448 4204; x_wconf 80' lang='lat' dir='ltr'><strong>rei</strong></span> <span class='ocrx_word' id='word_1_362' title='bbox 464 4151 585 4222; x_wconf 77' lang='lat' dir='ltr'><strong>augetur</strong></span> <span class='ocrx_word' id='word_1_363' title='bbox 598 4146 733 4225; x_wconf 73' lang='lat' dir='ltr'><strong>imprimis</strong></span> <span class='ocrx_word' id='word_1_364' title='bbox 749 4147 829 4207; x_wconf 85' lang='lat' dir='ltr'><strong>verbi</strong></span> <span class='ocrx_word' id='word_1_365' title='bbox 842 4167 943 4220; x_wconf 72' lang='lat' dir='ltr'><strong>coum,</strong></span> <span class='ocrx_word' id='word_1_366' title='bbox 960 4167 1018 4226; x_wconf 88' lang='lat' dir='ltr'><strong>quo</strong></span> <span class='ocrx_word' id='word_1_367' title='bbox 1032 4157 1063 4208; x_wconf 86' lang='lat' dir='ltr'><strong>et</strong></span> <span class='ocrx_word' id='word_1_368' title='bbox 1075 4149 1189 4209; x_wconf 83' lang='lat' dir='ltr'><strong>Horatii</strong></span> <span class='ocrx_word' id='word_1_369' title='bbox 1203 4163 1301 4210; x_wconf 78' lang='lat' dir='ltr'><strong>autum</strong></span> <span class='ocrx_word' id='word_1_370' title='bbox 1317 4143 1492 4204; x_wconf 78' lang='lat' dir='ltr'><strong>libertaren-</strong></span> 
     </span>
     <span class='ocr_line' id='line_1_37' title="bbox 320 4241 1490 4327; baseline 0.001 -19"><span class='ocrx_word' id='word_1_371' title='bbox 320 4268 382 4324; x_wconf 72' lang='lat' dir='ltr'><strong>,que</strong></span> <span class='ocrx_word' id='word_1_372' title='bbox 411 4255 441 4307; x_wconf 86' lang='lat' dir='ltr'><strong>et</strong></span> <span class='ocrx_word' id='word_1_373' title='bbox 471 4247 602 4326; x_wconf 88' lang='lat' dir='ltr'><strong>Septimii</strong></span> <span class='ocrx_word' id='word_1_374' title='bbox 634 4248 876 4327; x_wconf 65' lang='lat' dir='ltr'><strong>importunitatem</strong></span> <span class='ocrx_word' id='word_1_375' title='bbox 913 4252 1042 4310; x_wconf 76' lang='lat' dir='ltr'><strong>excusari</strong></span> <span class='ocrx_word' id='word_1_376' title='bbox 1076 4256 1154 4311; x_wconf 86' lang='lat' dir='ltr'><strong>recte</strong></span> <span class='ocrx_word' id='word_1_377' title='bbox 1191 4250 1261 4310; x_wconf 86' lang='lat' dir='ltr'><strong>dicit</strong></span> <span class='ocrx_word' id='word_1_378' title='bbox 1299 4241 1490 4324; x_wconf 61' lang='grc' dir='ltr'><strong>12011ξῆάῶ-</strong></span> 
     </span>
     <span class='ocr_line' id='line_1_38' title="bbox 327 4346 1490 4431; baseline -0.003 -23"><span class='ocrx_word' id='word_1_379' title='bbox 327 4347 519 4417; x_wconf 81' lang='lat' dir='ltr'><strong>Quamobrem</strong></span> <span class='ocrx_word' id='word_1_380' title='bbox 538 4346 594 4406; x_wconf 88' lang='lat' dir='ltr'><strong>loci</strong></span> <span class='ocrx_word' id='word_1_381' title='bbox 615 4349 786 4428; x_wconf 73' lang='lat' dir='ltr'><strong>elegantem</strong></span> <span class='ocrx_word' id='word_1_382' title='bbox 798 4352 818 4410; x_wconf 89' lang='lat' dir='ltr'><strong>ii</strong></span> <span class='ocrx_word' id='word_1_383' title='bbox 835 4351 1011 4428; x_wconf 80' lang='lat' dir='ltr'><strong>infringunt,</strong></span> <span class='ocrx_word' id='word_1_384' title='bbox 1034 4353 1081 4429; x_wconf 88' lang='lat' dir='ltr'><strong>qui</strong></span> <span class='ocrx_word' id='word_1_385' title='bbox 1095 4351 1264 4431; x_wconf 81' lang='lat' dir='ltr'><strong>particulam</strong></span> <span class='ocrx_word' id='word_1_386' title='bbox 1277 4349 1341 4410; x_wconf 76' lang='lat' dir='ltr'><strong>acil-</strong></span> <span class='ocrx_word' id='word_1_387' title='bbox 1358 4365 1422 4408; x_wconf 84' lang='lat' dir='ltr'><strong>cnm</strong></span> <span class='ocrx_word' id='word_1_388' title='bbox 1436 4361 1490 4404; x_wconf 88' lang='lat' dir='ltr'><strong>an-</strong></span> 
     </span>
     <span class='ocr_line' id='line_1_39' title="bbox 329 4447 1490 4532; baseline 0 -24"><span class='ocrx_word' id='word_1_389' title='bbox 329 4449 662 4529; x_wconf 77' lang='lat' dir='ltr'><strong>tecedentibuejungunt.</strong></span> <span class='ocrx_word' id='word_1_390' title='bbox 705 4450 813 4512; x_wconf 80' lang='lat' dir='ltr'><strong>Confer</strong></span> <span class='ocrx_word' id='word_1_391' title='bbox 829 4453 933 4531; x_wconf 80' lang='lat' dir='ltr'><strong>igitur,</strong></span> <span class='ocrx_word' id='word_1_392' title='bbox 950 4471 1023 4531; x_wconf 85' lang='lat' dir='ltr'><strong>quae</strong></span> <span class='ocrx_word' id='word_1_393' title='bbox 1037 4454 1074 4512; x_wconf 88' lang='lat' dir='ltr'><strong>de</strong></span> <span class='ocrx_word' id='word_1_394' title='bbox 1088 4453 1166 4511; x_wconf 86' lang='lat' dir='ltr'><strong>vario</strong></span> <span class='ocrx_word' id='word_1_395' title='bbox 1182 4452 1266 4532; x_wconf 81' lang='lat' dir='ltr'><strong>hujus</strong></span> <span class='ocrx_word' id='word_1_396' title='bbox 1279 4471 1344 4511; x_wconf 86' lang='lat' dir='ltr'><strong>voc.</strong></span> <span class='ocrx_word' id='word_1_397' title='bbox 1363 4467 1416 4508; x_wconf 78' lang='lat' dir='ltr'><strong>usu</strong></span> <span class='ocrx_word' id='word_1_398' title='bbox 1429 4447 1490 4508; x_wconf 81' lang='lat' dir='ltr'><strong>dis·</strong></span> 
     </span>
     <span class='ocr_line' id='line_1_40' title="bbox 330 4550 1488 4632; baseline 0.003 -24"><span class='ocrx_word' id='word_1_399' title='bbox 330 4554 433 4630; x_wconf 81' lang='lat' dir='ltr'><strong>putant</strong></span> <span class='ocrx_word' id='word_1_400' title='bbox 454 4550 538 4610; x_wconf 79' lang='lat' dir='ltr'><strong>Voce.</strong></span> <span class='ocrx_word' id='word_1_401' title='bbox 569 4558 599 4612; x_wconf 83' lang='lat' dir='ltr'><strong>et</strong></span> <span class='ocrx_word' id='word_1_402' title='bbox 624 4551 743 4631; x_wconf 81' lang='lat' dir='ltr'><strong>Forbig.</strong></span> <span class='ocrx_word' id='word_1_403' title='bbox 765 4556 802 4613; x_wconf 88' lang='lat' dir='ltr'><strong>ad</strong></span> <span class='ocrx_word' id='word_1_404' title='bbox 823 4553 901 4632; x_wconf 82' lang='lat' dir='ltr'><strong>Virg.</strong></span> <span class='ocrx_word' id='word_1_405' title='bbox 922 4554 978 4614; x_wconf 86' lang='lat' dir='ltr'><strong>Ge.</strong></span> <span class='ocrx_word' id='word_1_406' title='bbox 1000 4557 1030 4630; x_wconf 93' lang='lat'><strong>1,</strong></span> <span class='ocrx_word' id='word_1_407' title='bbox 1055 4555 1128 4620; x_wconf 89' lang='grc'><strong>282.</strong></span> <span class='ocrx_word' id='word_1_408' title='bbox 1150 4553 1284 4618; x_wconf 84' lang='lat' dir='ltr'><strong>Stiirenb.</strong></span> <span class='ocrx_word' id='word_1_409' title='bbox 1306 4554 1344 4611; x_wconf 87' lang='lat' dir='ltr'><strong>ad</strong></span> <span class='ocrx_word' id='word_1_410' title='bbox 1359 4552 1421 4616; x_wconf 88' lang='lat' dir='ltr'><strong>Cic.</strong></span> <span class='ocrx_word' id='word_1_411' title='bbox 1442 4569 1488 4630; x_wconf 86' lang='lat' dir='ltr'><strong>pr.</strong></span> 
     </span>
    </p>
   </div>
   <div class='ocr_carea' id='block_1_5' title="bbox 0 0 1734 5318">
    <p class='ocr_par' dir='ltr' id='par_1_7' title="bbox 0 0 1734 5318">
     <span class='ocr_line' id='line_1_41' title="bbox 0 0 1734 5318; baseline 0 0"><span class='ocrx_word' id='word_1_412' title='bbox 0 0 1734 5318; x_wconf 95' lang='lat' dir='ltr'><strong> </strong></span> 
     </span>
    </p>
   </div>
  </div>
 </body>
</html>
