3420 5332
190 505 256 568 ’97
288 503 500 566 ΟΟΜΜΕΝΤ.
514 505 557 566 ΙΝ
570 503 800 566 nou.Lm.1.
822 503 1268 568 EPIST.DUODEV1CESHd.
1298 499 1363 566 446

212 672 324 734 mundo
342 677 484 734 temrinrre
497 673 627 746 obstitit,
647 675 744 733 Hunc
764 684 873 754 tangat
886 677 987 735 mus.
1017 676 1062 736 ld.
1080 673 1111 753 4,
1129 674 1180 753 15,
1198 671 1293 739 14-
1311 675 1361 738 16.

213 773 248 838 C.
270 777 302 836 S.
322 777 363 842 61
387 777 441 860 (ib.
458 777 597 856 Mitior).
630 775 717 856 Prop.
739 777 777 854 2,
799 779 819 840 8
839 775 923 855 (10),
944 780 993 842 21Ι
1025 779 1067 836 Et
1090 779 1118 836 ei
1138 797 1200 856 qua
1228 777 1363 834 extemis

212 875 301 936 num
320 897 351 937 aa
377 877 627 950 rubbalrit·oria;
655 877 773 938 Sentiat
793 877 850 936 illa
871 889 940 938 urae
956 879 1111 958 postmodo
1129 889 1220 958 copta
1240 897 1359 937 marem.

213 976 299 1037 Ovid.
320 977 355 1040 A.
377 981 413 1040 Δ.
437 984 466 1057 1,
488 983 559 1044 177.
585 982 623 1039 de
643 987 721 1042 certa
744 980 857 1057 quidem
875 981 904 1038 in
918 981 1055 1042 orientem
1069 981 1261 1060 expeditione:
1284 980 1363 1038 Eece

207 1091 304 1157 parat
333 1082 445 1140 Corace
468 1079 579 1139 domito
604 1081 688 1160 quod
714 1080 812 1159 defuit
837 1080 902 1140 orbi
923 1080 1040 1141 addere.
1085 1081 1170 1142 Cous.
1199 1081 1297 1144 Burm.
1325 1084 1362 1141 ad

212 1179 301 1263 Prop.
316 1183 347 1261 3,
362 1184 394 1261 3,
409 1187 427 1247 1
445 1215 489 1228 -
507 1185 537 1246 6.
559 1184 647 1246 Baclr.
662 1183 699 1242 ad
716 1182 783 1242 Tib.
806 1187 837 1258 2,
858 1185 889 1259 6,
911 1185 952 1247 67
966 1217 1007 1230 -
1022 1184 1073 1248 69.
1094 1182 1212 1262 Forbig.
1231 1185 1269 1242 ad
1282 1183 1362 1262 Virg.

211 1279 284 1344 Aen.
301 1286 331 1361 1,
354 1287 426 1350 287.
456 1283 511 1345 Dio
530 1283 613 1348 Cass.
630 1286 681 1362 64,
698 1285 728 1348 3.
744 1285 774 1346 9.
805 1285 874 1344 lllud
895 1285 1019 1366 siquid
1035 1283 1119 1344 abeat
1137 1283 1168 1362 (a
1182 1285 1363 1346 Britannico

211 1404 360 1465 perperam
379 1387 562 1466 explicatum:
587 1388 635 1463 „ri
648 1388 718 1464 quid
730 1387 864 1446 amissum
881 1388 962 1468 est“)
983 1386 1158 1459 Bertlejrrr,
1177 1386 1362 1460 Sebmr‘dius,

218 1486 348 1546 Orellircr
375 1487 588 1566 angustioribus
615 1488 742 1548 terminia
768 1488 945 1549 includentes
971 1486 1133 1548 Armeniam
1159 1489 1259 1549 eodem
1286 1508 1361 1548 anuo

211 1585 345 1649 Artaxiae
371 1589 533 1669 ademptam
558 1596 588 1649 et
609 1590 726 1668 Tigrani
748 1591 880 1649 traditam
902 1591 947 1650 hic
970 1589 1121 1671 significari
1149 1591 1269 1651 credunt
1298 1590 1361 1652 coll.

214 1691 265 1767 12,
283 1692 334 1756 27.
355 1689 448 1750 Trist.
470 1691 500 1764 2,
524 1691 585 1754 227
606 1709 670 1768 sqq.
704 1693 759 1761 Qui
777 1693 876 1767 refixit
892 1697 1022 1767 tuentur,
1043 1693 1063 1750 ii
1078 1693 1225 1752 maximam
1242 1700 1362 1772 partem,

211 1798 244 1850 ut
269 1791 437 1863 Ζιινοὲίω,
465 1789 612 1850 Tiberium
632 1799 662 1851 et
682 1792 807 1853 Drusum
832 1800 933 1855 contra
952 1791 1114 1853 Pannonios
1138 1814 1173 1854 nc
1197 1793 1361 1854 Sicambros

214 1901 273 1953 tum
294 1894 399 1954 missos
420 1911 485 1954 esse
506 1892 561 1950 sibi
580 1897 763 1972 persuadent.
802 1894 966 1975 Speciosius
988 1901 1082 1954 autem
1104 1914 1187 1972 quam
1207 1897 1302 1956 remus
1327 1917 1362 1958 ex

211 1993 329 2054 notione
350 2013 377 2052 v.
399 1992 601 2069 affudieondi
626 1997 662 2055 de
689 1996 791 2056 linibus
818 1996 1024 2056 constituendis
1052 1995 1181 2056 sollemni
1204 1998 1362 2072 Bentlejua

211 2097 295 2156 creir
313 2095 463 2173 legendum
484 2099 608 2174 censuit,
628 2099 856 2176 quandoquidem
870 2097 971 2178 fundo
987 2099 1077 2177 magis
1093 2099 1158 2160 coll.
1172 2097 1239 2176 Dig.
1260 2101 1311 2177 10,
1332 2103 1361 2164 1.

209 2217 295 2276 qnam
306 2216 449 2278 personne
465 2197 622 2275 adjudicari
641 2198 750 2276 fines*)
771 2199 1004 2278 intelligerentur.
1039 2200 1079 2259 et
1096 2219 1149 2259 suo
1171 2219 1204 2259 se
1221 2201 1360 2278 jugulavit

210 2301 305 2380 gladio
324 2301 373 2360 Vir
391 2300 581 2362 doctissimus.
610 2299 722 2360 Etenim
741 2301 800 2360 Cic.
823 2302 908 2362 offic.
933 2303 963 2378 1,
981 2302 1032 2377 10,
1048 2301 1100 2364 33.
1122 2300 1271 2381 quicquid
1287 2303 1359 2361 rali-

209 2405 265 2482 qm·
282 2401 340 2461 aolr‘
351 2401 439 2481 suit,
462 2401 579 2480 populo
600 2401 740 2461 Romano
759 2403 956 2478 ach'udicavit.
994 2402 1039 2461 ld.
1056 2399 1158 2480 Agrur.
1182 2407 1213 2480 2,
1235 2405 1286 2481 22,
1306 2405 1358 2470 68.

211 2505 292 2564 Suet.
321 2503 423 2563 Octur.
451 2505 503 2569 32.
510 2543 521 2580 ,
546 2503 603 2564 alia
628 2505 759 2565 Rem.
785 2505 882 2566 Leric.
904 2525 928 2566 s.
952 2503 981 2568 b.
1004 2523 1031 2564 r.
1059 2504 1163 2582 Neque
1187 2504 1287 2564 melius
1312 2523 1359 2565 res

211 2605 298 2666 cessit
317 2603 504 2686 Haberscldo
528 2613 558 2667 et
577 2607 742 2684 Docrr'agio
763 2608 880 2667 verbum
899 2605 989 2666 Italis
1013 2625 1067 2686 pro
1087 2605 1192 2666 Datiro
1214 2613 1246 2668 et
1266 2608 1360 2665 amris

209 2726 263 2788 pro
282 2705 410 2767 Ablatiro
431 2709 651 2787 accipientibus,
672 2714 705 2767 ut
721 2710 773 2768 sit:
795 2727 955 2786 „armorum
976 2708 1005 2766 ri
1024 2725 1125 2788 parere
1141 2708 1223 2785 jubet
1243 2709 1358 2786 (Italia)

210 2809 340 2868 Romano
367 2807 526 2888 imperio.“
565 2809 651 2869 lmmo
677 2812 771 2869 armis
797 2811 904 2880 Italia,
933 2816 1132 2887 praeterquam
1156 2810 1234 2886 quod
1261 2811 1358 2870 miram

211 2909 418 2968 conburiorum
447 2911 504 2968 rim
524 2909 628 2986 babet,
657 2912 760 2970 dicitur
787 2918 817 2970 ut
838 2909 954 2969 Reium
974 2907 1066 2966 robur
1085 2909 1142 2968 od.
1163 2914 1192 2985 2,
1219 2909 1270 2986 13,
1297 2911 1358 2986 13,

211 3009 312 3070 lectar
335 3011 456 3070 Ctevere
475 3012 552 3068 vires
572 3009 628 3075 od.
650 3014 689 3090 4,
711 3013 750 3075 15
757 3052 767 3088 ,
789 3011 839 3074 13.
864 3015 894 3070 et
920 3011 983 3068 Res
1009 3008 1108 3068 Italas
1130 3011 1223 3068 armis
1247 3013 1357 3071 trcterr'e.

209 3113 274 3174 Huc
294 3114 404 3173 accedit
431 3113 569 3191 Adiectivi
599 3114 728 3191 positura
748 3111 831 3188 talis,
856 3110 946 3189 qualis
967 3112 1093 3169 secundo
1116 3111 1180 3170 loco
1206 3118 1237 3172 et
1257 3133 1284 3174 v.
1306 3111 1357 3178 54.

210 3215 262 3279 81.
282 3221 311 3274 et
338 3217 395 3275 od.
419 3218 448 3293 1,
470 3216 522 3291 27,
544 3216 574 3277 6.
602 3217 729 3294 impium
756 3213 850 3272 tollite
875 3213 1050 3288 clamorem,
1072 3213 1173 3290 quibua
1201 3214 1276 3276 adde
1298 3217 1356 3276 Od.

214 3318 244 3392 2,
266 3320 316 3393 17,
337 3320 368 3381 9.
388 3317 420 3393 3,
445 3318 496 3393 11,
518 3317 548 3377 7.
570 3318 622 3393 27,
643 3317 693 3380 26.
724 3317 816 3396 Epod.
843 3316 894 3392 13,
916 3316 945 3378 6.
969 3315 1032 3374 Sat.
1055 3316 1091 3390 1,
1115 3315 1171 3391 10,
1190 3313 1240 3380 41.
1266 3317 1356 3398 Epist.

211 3420 312 3496 1,1c,
334 3421 385 3485 32.
405 3417 469 3479 coll.
496 3417 595 3496 Vor'gt.
617 3417 638 3476 l.
662 3418 681 3480 Ι.
702 3439 732 3498 p.
753 3418 805 3482 37.

294 3536 330 3595 V.
347 3535 388 3600 68
409 3569 452 3586 ν-
471 3536 522 3598 60.
557 3535 608 3594 Ac
629 3557 666 3596 ne
686 3573 727 3582 —-
748 3558 816 3596 narr
835 3547 971 3616 patemo.
1014 3534 1171 3612 Postquam
1199 3537 1268 3599 Hor.
1287 3557 1306 3597 a
1326 3559 1354 3599 v.

210 3639 252 3703 48
272 3671 316 3684 -
337 3639 388 3701 60.
410 3637 558 3698 utilitatem
578 3638 689 3700 illarum
710 3641 957 3714 exercitationum,
980 3655 1048 3697 ar.
1062 3637 1105 3700 50
1119 3669 1157 3683 -
1179 3638 1230 3702 67.
1256 3641 1355 3700 dexte·

209 3743 321 3802 ritatem
345 3738 432 3800 Lollii
457 3737 635 3818 observavit,
658 3743 732 3820 jam,
760 3749 792 3802 ut
814 3760 925 3802 omnem
949 3741 1159 3800 excusationem
1179 3740 1355 3801 adolescenti

209 3846 369 3924 praecidat,
397 3841 487 3923 ipsius
503 3830 660 3920 ¹singulare
679 3845 775 3904 talium
798 3864 891 3904 rerum
914 3843 1035 3902 studium
1056 3850 1122 3903 ante
1147 3843 1244 3904 oculos
1263 3844 1354 3924 ponit.

209 3945 357 4005 Sententia
372 3944 471 4022 igitur:
490 3944 556 4020 „Ac
575 3964 611 4006 ne
632 3950 662 4006 te
680 3945 830 4007 subtrahat
851 3946 891 4005 tui
911 3943 1024 4023 patroni
1041 3944 1142 4004 studiis
1158 3953 1191 4005 ut
1202 3944 1355 4021 venationi,

212 4065 297 4125 quam
318 4063 403 4123 supra
424 4047 543 4126 exempli
564 4065 650 4106 causa
670 4051 753 4126 porui
768 4067 857 4126 neve,
877 4049 908 4108 id
927 4047 1004 4126 quod
1019 4046 1145 4106 excusari
1165 4063 1222 4104 non
1243 4051 1355 4125 posset,

211 4149 249 4209 ab
270 4147 417 4224 lintheis,
438 4155 531 4208 tecum
553 4151 665 4227 cogita,
685 4158 714 4212 te
737 4171 866 4230 quoque,
887 4148 1012 4226 quamvis
1028 4147 1068 4207 nil
1080 4146 1179 4206 absoni
1200 4151 1285 4224 atque
1304 4146 1354 4205 ab·

295 4371 322 4444 *)
336 4374 407 4429 lllirc
420 4375 486 4430 tant
497 4393 526 4446 p.
538 4374 599 4435 227.
620 4377 702 4443 ,1ὲώ
717 4377 796 4431 urrr'r
809 4377 901 4444 rdiam
915 4375 955 4430 lis
966 4375 1075 4428 wardan
1089 4370 1199 4428 nimliclr
1213 4371 1258 4427 dir
1268 4373 1354 4427 Gran-

214 4477 263 4516 ιω
277 4458 437 4530 bericlrtigt,
457 4459 508 4513 und
523 4459 566 4514 dia
578 4458 691 4516 Partbor
704 4469 793 4516 trater
808 4460 909 4530 sinigas
923 4475 956 4515 au
970 4459 1014 4516 dit
1029 4460 1127 4516 Rimar
1141 4458 1206 4514 rb.“
1247 4456 1354 4529 Optime

212 4557 300 4600 sumn
313 4546 380 4600 baec
393 4547 478 4601 rerba
492 4542 646 4616 explanavit
658 4547 812 4602 Motum

254 4649 362 4703 Hosrr.
382 4649 420 4703 ΙΙ.
1079 4635 1122 4701 23
1141 4637 1190 4721 (7)
