3426 5334
340 528 402 598 noo
743 535 746 554 ·
800 537 1007 601 urrnouus.
1388 541 1480 606 ara

340 707 445 768 cembr.
466 727 532 768 ann.
552 727 581 766 u.
603 727 627 766 c.
649 705 722 768 733.
749 713 798 765 aut
823 727 897 766 anno
922 709 994 771 754.
1024 707 1076 765 sed
1102 711 1168 766 ante
1194 707 1269 766 diem
1289 707 1336 766 Vl.
1360 695 1401 766 ld.
1422 708 1484 769 De·

340 809 461 886 comba,
491 831 547 888 qno
576 807 820 887 quadragesimum
851 816 960 869 sextum
991 808 1203 887 auspicabatur,
1238 809 1400 887 scripsisse,
1430 811 1485 870 sed

338 917 429 971 totum
450 911 535 971 etiarn
554 909 685 970 volumen
705 910 918 990 [ιιιινιιΙςιιιιεέι
954 910 1066 980 Quodsi
1084 915 1175 968 toturn
1193 907 1382 990 Epistularum
1403 912 1485 972 volu·

338 1031 402 1071 men
424 1031 487 1071 cunr
505 1009 559 1070 lrac
575 1009 719 1088 Epistola,
737 1012 774 1070 de
793 1028 850 1089 qua
869 1011 960 1070 omnis
973 1011 1118 1072 institutus
1133 1016 1178 1070 est
1190 1031 1301 1086 sermo,
1324 1012 1483 1090 evulgatum

338 1115 402 1190 ajo,
423 1111 575 1171 editionem
597 1111 673 1170 brevi
698 1112 747 1171 illo
767 1112 903 1190 temporis
925 1113 1047 1171 confinio
1067 1113 1170 1172 factam
1191 1113 1236 1173 hic
1255 1132 1288 1171 re
1305 1131 1373 1172 rora
1390 1113 1483 1190 'signi-

337 1211 415 1272 ficari
435 1212 593 1290 praefracte
613 1233 698 1292 nego.
731 1217 769 1273 at
786 1213 811 1272 si
832 1215 894 1289 quis
915 1232 961 1274 me
981 1220 1179 1293 percontetur,
1199 1231 1256 1293 qua
1273 1221 1366 1275 mente
1385 1215 1483 1275 Hora·

337 1316 393 1374 tius
413 1310 499 1375 Lollii
520 1319 549 1374 et
572 1314 676 1394 Lepidi
700 1315 846 1375 consulum
860 1316 1038 1376 'mentionem
1058 1315 1175 1391 fecerit,
1201 1315 1308 1392 habeo,
1337 1308 1407 1394 quid
1434 1335 1506 1376 re·-

232 1425 237 1434 ‘
336 1418 502 1495 spondeam.
539 1414 635 1476 Voluit
653 1417 727 1475 enim
745 1415 835 1476 Poeta
854 1415 980 1494 regulam
997 1417 1077 1494 quasi
1099 1417 1126 1474 in
1147 1435 1247 1477 manns
1267 1417 1401 1478 lectorum
1419 1423 1482 1477 tra-

304 1563 311 1584 ,
336 1519 420 1595 dere,
439 1537 495 1596 qna
513 1517 659 1595 scriptoris
680 1519 789 1578 natales
811 1525 841 1579 et
860 1519 944 1578 vitam
964 1517 1063 1578 exinde
1075 1527 1219 1597 peractam
1238 1520 1292 1598 ipsi
1304 1519 1480 1580 mefirentur.

336 1619 478 1678 Scribenti
501 1623 596 1678 autem
623 1620 769 1680 commode
792 1620 947 1695 seobtnlit
972 1617 1073 1697 Lollii,
1102 1619 1153 1680 viri
1177 1619 1284 1678 Poetae
1308 1619 1480 1697 amicissimi,

336 1719 498 1782 consulatus
525 1719 616 1780 turbis
643 1721 825 1781 ambientium
844 1721 964 1782 maxime
988 1721 1106 1798 insignis
1132 1727 1162 1781 et
1187 1727 1306 1800 propter
1332 1723 1362 1780 id
1387 1724 1481 1801 ipsum

334 1822 493 1912 hominilrns
519 1823 654 1900 cujusque
682 1823 787 1882 ordinis
815 1823 988 1885 notissimus.
1041 1821 1079 1883 lit
1107 1821 1170 1900 quis
1197 1828 1256 1898 est,
1288 1824 1336 1899 qui
1359 1823 1481 1900 nesciat,

335 1943 419 2004 quam
442 1931 574 2004 prompto
601 1925 695 1984 animo
724 1925 859 1984 Horatios
885 1923 953 1983 dota
973 1923 1071 2000 quavis
1097 1923 1245 1982 occasione
1272 1899 1380 1999 litatur,
1408 1923 1482 1982 ami·

334 2047 431 2088 corum
453 2035 482 2086 et
505 2027 647 2085 fautorum
666 2029 830 2088 memoriam
852 2025 995 2086 recolendi
1013 2044 1167 2104 eorumque
1187 2023 1300 2085 uomina
1314 2024 1481 2084 nobilitandi

333 2135 419 2206 atque
440 2129 470 2186 in
488 2147 572 2188 omne
593 2147 692 2188 aarum
712 2127 909 2209 prorogandi?
938 2125 1092 2186 Lectorum
1111 2135 1206 2186 autem
1216 2113 1413 2186 aomanorum
1433 2128 1481 2186 ni-

333 2229 371 2288 hil
391 2249 460 2289 sane
480 2229 607 2289 interluit
628 2231 718 2308 scire,
738 2237 830 2292 nuum
851 2229 981 2309 Epistola
998 2231 1108 2308 primo,
1137 2249 1173 2289 an
1193 2229 1334 2305 secundo,
1363 2247 1401 2287 an
1417 2235 1480 2287 ter-

332 2333 374 2390 tio
391 2324 461 2411 post
486 2329 561 2389 illum
581 2332 756 2391 consulatum
777 2351 853 2392 anno
874 2333 980 2411 scripta
999 2333 1150 2392 diceretur.
1191 2331 1294 2408 Neque
1319 2349 1374 2389 uos
1395 2331 1480 2408 hujus

332 2432 372 2492 rei
392 2433 599 2510 ignorationem
619 2433 746 2512 profiteri
766 2441 797 2494 et
816 2450 885 2511 prae
905 2431 988 2492 nobis
1010 2433 1084 2494 ferre
1106 2435 1195 2514 pudet
1211 2451 1245 2492 ac
1265 2430 1391 2510 pudebit.
