3420 5332
211 503 251 568 81
285 501 498 569 coutitur.
513 505 556 566 IN
568 505 663 568 HOR.
677 505 793 568 LlB.1.
817 505 943 570 EPIST.
959 505 1265 570 DUODEVIGESM.
1294 503 1359 572 42⁹

211 670 287 750 plius
303 673 385 733 annia
410 677 477 732 'ante
496 673 619 754 Appiam
638 683 669 736 et
687 676 717 734 iu
737 675 772 734 iio
793 673 973 752 regionibus,
1001 693 1074 752 quae
1100 677 1227 738 nondum
1247 680 1277 738 iu
1296 677 1360 739 Ro·

211 791 321 834 monam
341 781 512 855 potestotem
527 778 660 836 redactae
677 784 777 852 eraut,
796 777 816 835 i.
839 796 866 841 e.
885 795 961 836 anuo
977 777 1051 840 816.
1071 781 1161 839 aterni
1181 800 1238 840 non
1257 783 1359 860 potuit.

210 874 316 936 Libere
332 879 419 955 igitur
437 897 509 958 quae
527 879 667 938 nescimus
688 880 797 940 nescire
815 898 868 938 uos
889 879 1065 958 profitemur.

295 978 329 1038 V.
350 981 525 1044 21—36.
557 980 621 1040 inm
641 980 732 1040 Poeta
757 980 859 1040 tinibus
883 988 913 1040 et
943 982 1023 1058 quoni
1051 983 1177 1042 terminio
1203 985 1279 1044 vitae
1300 986 1359 1046 ele-

210 1080 305 1155 gantia
326 1081 507 1162 urbanaeque
528 1083 705 1160 constitutio,
727 1102 811 1162 quum
825 1083 977 1142 discrimen
989 1085 1063 1142 iuter
1083 1084 1166 1144 vilem
1182 1087 1359 1148 adulatorem

211 1187 241 1240 et
259 1189 403 1260 agrestem
415 1185 595 1264 hominem*)
616 1202 669 1264 per
687 1184 832 1244 ridiculum
848 1185 1001 1258 indicaret,
1023 1186 1060 1244 nd
1075 1195 1229 1267 praecepto
1245 1193 1357 1270 tramit,

167 1320 171 1328 ·
210 1279 312 1361 quilius
340 1290 406 1346 ante
434 1288 528 1346 omnia
556 1286 660 1346 homini
685 1287 878 1366 potentiorum
903 1289 1024 1366 gradem
1042 1289 1167 1368 captanti
1195 1292 1226 1351 id
1250 1295 1359 1370 proeci-

209 1388 302 1466 pitur,
331 1397 363 1449 ut
380 1397 516 1468 quantum
544 1391 605 1450 fieri
624 1389 718 1469 possit
742 1408 759 1448 e
780 1390 873 1466 vitiis,
898 1389 1000 1466 quibua
1020 1387 1067 1448 ille
1091 1409 1251 1469 quanquam
1271 1393 1358 1454 multo

209 1488 338 1550 vitiosior
358 1492 421 1567 jure
443 1495 630 1567 succenseat,
653 1491 759 1550 udonus
781 1493 819 1550 ait
838 1499 867 1552 et
887 1488 967 1554 liber,
1008 1490 1042 1549 ln
1061 1489 1105 1548 hia
1126 1493 1201 1551 vitiie
1222 1493 1293 1573 (qua
1310 1514 1358 1554 ra·

208 1591 288 1650 tione
308 1610 342 1650 ea
364 1591 411 1651 hic
433 1600 653 1670 recenseantur,
684 1599 785 1652 contre
808 1593 889 1654 nliter
916 1595 1088 1669 aentientee,
1120 1598 1153 1652 ut
1181 1595 1359 1674 Ducenium

213 1691 431 1763 monadum,
456 1693 664 1764 Giintherum,
684 1701 762 1754 recte
783 1697 867 1754 docet
886 1693 1035 1775 Diirrtrer)
1055 1697 1177 1776 primum
1198 1698 1291 1758 locum
1311 1707 1357 1760 te-

208 1801 258 1853 net
277 1794 386 1855 luxurie
408 1795 554 1855 dommm
580 1797 712 1867 Venere,
741 1796 830 1866 olea,
856 1800 964 1856 verum
984 1799 1119 1876 insignia;
1148 1799 1191 1856 nic
1214 1799 1296 1860 Pera.
1326 1803 1358 1878 5,

207 1898 259 1959 dt.
284 1895 367 1954 hunc
385 1896 454 1956 aleo
474 1895 627 1978 decoquit,
651 1897 704 1956 iile
724 1899 757 1956 in
779 1899 920 1958 Venerem
935 1901 1044 1977 putrui.
1085 1899 1245 1956 Domnooa
1261 1907 1358 1961 autem

212 1998 313 2057 Vmor
332 2000 371 2059 uti
396 2002 427 2078 2,
450 2003 480 2076 1,
502 2001 574 2063 101.
602 2000 749 2058 dnmnm
772 1999 884 2072 libido,
916 2019 988 2078 qnae
1018 2000 1132 2079 quidem
1153 2002 1293 2079 jacturam
1311 2003 1357 2063 rel

206 2099 345 2160 bonorum
366 2101 474 2180 (Plaut.
495 2101 601 2162 Bocch-
623 2104 652 2179 1,
674 2107 706 2179 2,
727 2101 757 2163 9.
778 2101 897 2166 Terent.
917 2101 1083 2178 Eun.1,1‚
1103 2099 1170 2180 34.)
1189 2105 1234 2164 rel
1255 2107 1355 2166 virium

206 2201 342 2281 radin).
374 2202 459 2262 oud.
479 2222 514 2263 ex
529 2203 611 2266 Pont
634 2205 736 2280 1,10,
758 2204 809 2268 88.
839 2205 916 2263 νίνου
935 2203 1044 2262 adimit
1067 2203 1190 2264 Venerio
1206 2205 1356 2266 damnoaa

205 2423 228 2478 1.
243 2443 271 2496 p.
284 2421 352 2492 164.
367 2433 415 2478 eut
427 2425 460 2480 nd
474 2428 603 2498 mnium
617 2423 763 2480 mamm
775 2425 824 2495 (do
840 2439 892 2496 qna
905 2441 932 2479 v.
950 2425 1060 2480 rrum.
1075 2425 1146 2494 „Die
1156 2427 1294 2496 {legionen
1306 2429 1356 2483 dor

205 2509 288 2564 suut
301 2511 388 2564 Rom“
402 2529 429 2581 p.
443 2514 506 2582 168)
520 2510 663 2566 eilioucio
678 2527 753 2564 coni.
768 2527 793 2566 a.
810 2528 837 2564 u.
851 2507 914 2570 644.
932 2511 1011 2568 Varr.
1024 2511 1105 2577 (Veli.
1123 2512 1229 2567 Petere.
1245 2515 1270 2581 2,
1285 2516 1310 2582 8,
1325 2515 1352 2572 ³.

204 2595 241 2652 ib.
254 2596 370 2666 Ruunt.)
382 2607 497 2650 erectam
508 2596 650 2668 pertineat.
669 2595 711 2649 De
720 2596 844 2650 columen
854 2595 975 2650 Minucio
985 2595 1055 2649 cont.
1066 2597 1116 2648 Fr.
1128 2599 1228 2656 Oonnn.
1239 2597 1265 2652 iu
1276 2601 1355 2654 Com-

204 2689 314 2736 mentot.
329 2684 362 2735 de
374 2683 503 2736 Columna
518 2681 638 2736 Maenio.
653 2681 750 2736 Gioaoc
765 2676 841 2738 1844.
866 2680 1040 2752 improbanda
1062 2698 1166 2753 quoqne
1180 2692 1224 2737 est
1236 2684 1354 2739 Marcilii

204 2767 338 2837 auspicio,
355 2784 420 2838 qna,
436 2775 465 2820 ut
478 2769 536 2820 cine
549 2759 686 2821 Numicioe
703 2766 888 2820 auctoritatem
903 2766 1077 2836 conciliaret,
1092 2770 1162 2837 apud
1180 2769 1270 2829 Strnb.
1284 2773 1311 2839 ti,
1326 2771 1352 2829 3.

203 2869 232 2922 p.
247 2849 291 2905 50.
318 2848 377 2903 Δύο
389 2845 475 2917 d'eior',
489 2851 539 2918 μία
553 2848 602 2918 μὲν
611 2844 738 2917 rictorem*
752 2845 800 2902 ont
815 2851 969 2904 Hemoerimv
981 2851 1036 2919 lagi
1050 2852 1155 2905 metuite
1172 2852 1222 2918 μία
1233 2848 1282 2919 μὲν
1295 2855 1353 2906 No-

203 2935 288 3005 μηία.
312 2935 413 2988 Eodem
425 2936 528 2990 nominc
541 2943 648 2990 narrato
660 2935 796 2988 Fabricius
806 2950 914 2990 acumen
925 2935 977 2988 loci
986 2935 1014 2988 in
1025 2952 1058 2989 oo
1069 2935 1173 2989 vernari
1185 2936 1267 3004 vidit,
1282 2940 1353 3008 quod

203 3020 274 3074 riam
288 3020 433 3076 Numicium
450 3020 477 3074 in
492 3019 604 3092 Appium
619 3027 694 3072 extre
711 3021 845 3090 Coponem
866 3017 992 3090 inituim
1006 3020 1118 3074 diecret.
1154 3021 1239 3084 Quom
1253 3034 1353 3078 temero

203 3107 303 3161 Sabe
316 3105 367 3175 (11.
383 3125 410 3178 p.
423 3101 501 3174 111.)
516 3122 608 3158 nomon
624 3103 685 3158 viae
699 3121 715 3156 n
728 3104 835 3158 flumine
848 3104 959 3160 Numico
977 3104 1088 3159 inditum
1106 3107 1160 3160 eibi
1179 3109 1352 3178 perenniorit,

204 3210 237 3246 cx
252 3209 284 3244 eo
298 3201 425 3262 apparet,
448 3192 518 3262 quod
533 3207 626 3244 nornen
640 3187 716 3242 fluvii
728 3189 896 3260 penultimam
918 3190 1022 3260 longam
1040 3191 1120 3243 hebet
1135 3199 1163 3244 ut
1180 3191 1262 3248 Ouid.
1277 3194 1352 3248 Fert.

203 3275 231 3344 ³,
245 3271 306 3332 647.
329 3275 394 3336 Tib.
410 3280 436 3342 2,
449 3275 476 3345 5,
490 3271 534 3330 43.
556 3273 606 3329 811.
628 3275 690 3327 ital.
708 3277 734 3342 8,
751 3274 810 3328 180.
837 3268 994 3328 Edrrordum
1008 3292 1113 3347 quoquo
1129 3275 1210 3331 Zeira.
1226 3275 1245 3331 l.
1260 3278 1280 3331 l.
1295 3297 1351 3335 cam

203 3361 352 3417 Numicium
365 3377 464 3416 vocare
484 3361 574 3417 miror.
589 3363 692 3414 Contra
712 3361 848 3413 Burtonuo
869 3360 984 3427 („Romo
997 3361 1175 3415 Alterthrimer
1192 3378 1219 3414 u.
1238 3363 1351 3418 Merkw.

203 3446 342 3502 ribemotat
355 3463 406 3501 von
421 3445 557 3502 8161161.ιι
570 3463 597 3516 p.
610 3445 670 3513 93.)
685 3444 779 3498 dubiua
796 3447 904 3512 luceret,
921 3453 1006 3500 utrum
1021 3446 1065 3498 vlo
1078 3446 1198 3501 Nunricio
1212 3465 1245 3501 an
1258 3449 1352 3504 Mirtu-

202 3531 413 3602 cionppallanda
426 3532 472 3588 rit.
497 3533 607 3586 Bottiuc
625 3530 694 3584 mam
716 3529 817 3584 Minue.
831 3531 864 3584 ad
879 3531 938 3584 Sat.
954 3535 980 3600 1,
994 3531 1020 3598 5,
1034 3533 1078 3586 87.
1096 3532 1139 3586 ed.
1156 3531 1202 3589 uo.
1218 3549 1268 3604 pro
1281 3536 1351 3590 licr-

203 3620 279 3672 ouico
292 3616 391 3687 luebat,
415 3618 449 3671 de
464 3633 516 3688 qna
528 3617 628 3670 ibidem
641 3615 710 3668 dixit
723 3617 793 3681 Fco,
815 3635 831 3670 a
847 3632 898 3687 quo
910 3633 986 3687 quam
1001 3633 1052 3670 uun
1066 3617 1170 3670 multum
1185 3617 1256 3672 absit
1273 3619 1309 3678 W
1308 3623 1351 3674 nt·

202 3703 315 3757 etrenocr
328 3699 378 3778 (11.
392 3721 420 3774 p.
435 3699 495 3764 184,
513 3703 625 3773 „Qunnt
636 3699 687 3754 ila
697 3701 759 3754 voie
773 3700 956 3768 Minuciennc,
970 3719 1037 3755 noue
1051 3719 1163 3772 croyonu
1174 3719 1225 3772 que
1239 3705 1305 3758 c’oot
1320 3723 1351 3758 oc

205 3785 321 3856 chemin,
342 3806 395 3859 peu
411 3789 549 3859 primique,
569 3788 615 3858 qni
635 3787 738 3857 peracit
752 3802 803 3856 par
818 3787 956 3854 Arcutnm,
977 3797 1006 3840 et
1028 3802 1081 3858 qne
1102 3795 1180 3842 notro
1194 3789 1276 3858 poite
1290 3807 1351 3860 per·

203 3879 298 3926 courdt
314 3873 432 3946 loreqn'il
448 3885 478 3928 oe
499 3873 590 3927 rendit
605 3875 621 3925 i
634 3871 746 3925 Brindoa
762 3887 829 3925 ereo
842 3872 1014 3940 Mecene.“),
1029 3873 1110 3926 facito
1123 3871 1291 3942 intelligitur.
1321 3877 1350 3926 In

204 3955 255 4011 heo
267 3973 354 4013 rarum
369 3958 577 4027 incertitudine,
594 3957 645 4010 hoo
665 3967 742 4011 nuum
765 3965 865 4011 certum
890 3965 948 4022 eet,
965 3957 1034 4012 vium
1051 3975 1128 4031 qnam
1147 3958 1311 4029 quaerimus,
1326 3959 1350 4011 ai

203 4049 311 4112 rpentes
324 4044 382 4103 Cic.
396 4046 431 4099 ed
443 4045 526 4100 Attio.
541 4045 569 4111 9,
582 4045 620 4110 6.,
634 4061 650 4096 ι
666 4044 751 4098 lione
763 4043 887 4096 enotibno
901 4041 946 4098 rii
956 4043 1045 4114 Appii
1062 4045 1102 4117 ad,
1118 4042 1252 4098 ainietram
1268 4043 1351 4096 iniere

203 4135 232 4180 et
246 4143 295 4197 per
308 4128 428 4199 Marion,
444 4130 577 4184 Samnites
590 4129 695 4182 tuliore.
723 4128 776 4182 Ubi
791 4129 848 4199 ojua
862 4129 907 4182 vel
917 4129 1020 4184 initium
1035 4130 1079 4183 vel
1090 4127 1150 4183 linio
1164 4128 1261 4198 fuerit,
1275 4145 1349 4181 nemo

203 4229 282 4267 nunno
297 4213 408 4267 arfolio
424 4215 543 4284 Sibyllae
559 4212 746 4285 promulgabit.

287 4295 314 4369 *)
331 4299 434 4352 Contra
450 4301 592 4365 stallium,
608 4300 655 4371 qui
670 4299 749 4353 etiem
762 4297 790 4352 in
806 4313 877 4354 nora
890 4299 933 4354 od.
947 4317 964 4353 a
978 4317 1023 4353 vr.
1039 4298 1125 4354 15-
1135 4301 1178 4355 20.
1193 4311 1288 4350 novum
1304 4295 1350 4350 do·

203 4380 285 4438 ocribi
298 4385 394 4438 vitium
407 4385 460 4438 ribi
473 4383 620 4456 petiuerit,
637 4393 711 4439 recte
724 4383 844 4456 diapntm
857 4381 986 4440 ninom

273 4467 316 4538 “)
333 4470 374 4524 Do
389 4468 584 4539 aiguilicationc
594 4483 622 4522 v.
636 4473 778 4525 donnum
795 4467 865 4525 conf.
880 4468 986 4524 nomi.
999 4469 1034 4524 ad
1049 4469 1161 4524 Terent.
1175 4469 1275 4522 licent.
1286 4465 1349 4537 5,t,

205 4549 248 4608 11.
263 4563 292 4608 ot
308 4556 416 4611 Kocler.
431 4555 464 4610 ud
481 4557 577 4610 senec.
593 4553 646 4618 Qu.
660 4555 726 4609 Nat.
740 4548 766 4622 t,
781 4555 807 4622 8,
823 4555 847 4606 l.

210 4668 215 4680 ·
247 4658 355 4712 Honor.
369 4657 406 4712 11.
1080 4645 1121 4711 28
1142 4649 1189 4730 (6)
