3430 5324
629 1771 1202 1886 ΟΟΜΜΕΝΤΑΒΠ

892 2005 937 2070 ΙΝ

358 2199 632 2274 nonnul!
665 2197 1037 2272 urlauonsn
1080 2196 1467 2272 unumunurn

816 2385 935 2468 HR.
971 2383 1012 2468 1.

818 2623 1007 2636 ——nn——q

333 2799 398 2895 De
418 2833 496 2894 nulla
516 2834 660 2914 Epistola,
682 2837 707 2892 si
729 2837 874 2914 exceperis
893 2841 1013 2914 sextam,
1034 2843 1117 2896 tanta
1138 2842 1184 2896 est
1201 2835 1325 2892 virorum
1346 2831 1496 2889 doctorum

334 2941 493 3016 dissensio,
530 2944 638 3015 quanta
657 2938 694 2995 de
714 2935 783 3014 hae,
819 2957 904 3014 qnam
929 2939 959 2998 in
976 2939 1249 3017 elegantissimam
1269 2953 1387 2995 numero
1408 2953 1496 3012 repo-

333 3061 404 3102 nere
423 3059 482 3099 non
503 3039 674 3099 dubitamus.
718 3038 803 3096 Acro
824 3038 899 3096 enim
921 3046 951 3098 et
971 3041 1140 3120 Porplyrio
1162 3041 1326 3118 opinantur,
1347 3031 1497 3095 Horatium

333 3141 463 3222 „alloqui
483 3141 648 3217 Bullatium,
673 3143 720 3218 qui
742 3140 836 3198 omnia
852 3139 981 3200 villarum
996 3149 1027 3202 et
1047 3143 1197 3220 regionum
1214 3159 1247 3199 se
1268 3141 1412 3199 civitatum
1432 3155 1496 3194 sor·

333 3245 402 3304 dida
421 3244 566 3319 putaverit
586 3243 623 3300 ad
640 3243 882 3320 comparutionem
903 3240 1018 3300 Tiberis
1040 3247 1071 3302 et
1089 3244 1208 3321 Campi,
1228 3241 1249 3300 i.
1268 3259 1294 3300 e.
1311 3240 1437 3308 Romae3
1459 3255 1495 3295 eo

333 3345 412 3422 quod
436 3361 552 3420 seraper
577 3342 622 3401 ibi
649 3361 839 3400 oomnsnnem
869 3343 981 3403 adalia
1001 3364 1060 3404 non
1080 3345 1266 3405 transisset.“
1298 3323 1385 3419 '„(3ui
1403 3337 1496 3418 iam,“

334 3451 367 3504 ut
395 3445 476 3504 addit
495 3444 591 3522 Acro,
628 3442 807 3521 „Horatium
835 3463 1058 3506 commemorare
1084 3445 1173 3506 multa
1193 3445 1257 3504 loca
1279 3442 1450 3522 jucundiora
1467 3446 1496 3499 et

333 3547 459 3622 majora,
494 3546 597 3624 quihus
618 3545 687 3605 nihil
706 3545 744 3603 ed
761 3552 859 3604 votmn
879 3546 987 3605 desit.“
1030 3548 1138 3607 Contra
1162 3547 1345 3605 Scholiasta
1372 3544 1497 3622 oraque

333 3651 434 3726 putat,
455 3645 637 3723 „Bullatium
657 3647 735 3704 varia
757 3647 821 3705 loea
841 3649 1001 3706 accessisse
1022 3667 1143 3725 eumque
1163 3650 1351 3726 interrogari,
1374 3666 1442 3706 num
1461 3661 1496 3703 ea

332 3748 379 3808 laio
403 3749 442 3808 ad
467 3749 709 3827 comparationem
735 3747 850 3808 Tiberis
883 3755 913 3808 et
939 3751 1041 3829 Campi
1069 3751 1165 3810 Martii
1192 3751 1309 3810 sordida
1338 3750 1494 3818 videantur,

333 3851 413 3929 quod
433 3869 518 3929 quum
539 3859 627 3927 neget
642 3849 781 3909 Bullatius
800 3858 830 3912 et
844 3851 994 3912 Lebedum
1014 3852 1167 3930 praeferat,
1187 3855 1304 3912 taudem
1326 3849 1494 3910 concludere

331 3949 493 4029 Horatium,
515 3953 608 4011 omnia
629 3951 692 4010 loca
711 3953 772 4012 sive
794 3953 905 4014 minora
926 3955 985 4014 siue
1006 3956 1114 4032 majora
1134 3953 1264 4031 aequalia
1280 3973 1346 4012 esse
1363 3953 1399 4010 ad
1420 3949 1495 4010 bene

332 4052 517 4112 vivenduu.“
560 4053 607 4112 Ad
627 4051 881 4115 hanesententiam
901 4057 1030 4134 proxime
1052 4053 1373 4130 aceffluntLundiuua,
1396 4053 1494 4112 Itoni-

332 4173 399 4226 ous,
424 4151 601 4225 fflubotius,
623 4161 824 4233 praeterquam
844 4159 923 4232 quod
943 4159 1017 4217 hane
1037 4158 1143 4216 variam
1163 4159 1422 4235 peregrinationem
1437 4175 1494 4215 non

331 4262 391 4315 tam
411 4255 496 4316 animi
518 4275 602 4334 quam
618 4262 755 4333 quaestus
778 4258 873 4333 gratia
895 4275 913 4316 a
932 4258 1057 4318 Bullatiu
1079 4266 1241 4338 susceptam
1259 4259 1410 4336 signifioari
1431 4275 1493 4314 cre-

332 4357 414 4414 dunt.
466 4358 531 4426 Qua
564 4358 678 4435 quidem
709 4357 826 4418 sordida
857 4365 994 4434 quaestus
1023 4361 1140 4418 notione
1168 4359 1280 4436 abjecta
1311 4359 1494 4428 Marthae,

337 4456 508 4534 cruquio„
537 4459 727 4530 tonantum,
759 4457 935 4531 Rodellsiu,
969 4461 1014 4518 alii
1034 4460 1185 4520 Horatium
1202 4459 1343 4536 Bullatio,
1375 4461 1423 4538 qui
1448 4462 1495 4520 vel

331 4556 477 4618 molestiae
499 4564 643 4639 cujusdam
665 4559 797 4624 vitandae
816 4577 920 4638 causa,
957 4562 1001 4621 vel
1022 4581 1110 4639 aegro
1131 4563 1226 4623 animo
1254 4583 1305 4622 suo
1336 4562 1493 4622 remedium
