3426 5334
248 546 310 613 ars
416 542 579 613 rxcnns.
600 545 652 610 ao
672 542 819 611 nourr.
845 541 966 610 mrsr.
987 549 1011 627 ι,
1031 546 1083 628 ro,
1106 553 1146 615 19
1161 564 1225 640 sqq.
1331 545 1393 611 soa

253 726 283 778 ut
303 719 445 797 quotidie,
472 720 583 799 quoties
610 717 731 779 lectores
757 719 909 797 invenerit,
935 711 973 778 de
997 727 1155 780 renarrat
1193 717 1230 778 At
1256 721 1319 797 quir
1344 733 1402 778 oon

252 820 345 898 ridet,
364 821 437 880 lranc
455 821 623 880 sententiam
637 821 763 900 ineptam
780 829 898 900 proteus
917 821 946 880 e't
963 825 1044 880 tanto
1058 827 1146 900 poeta
1165 820 1312 898 indignam
1327 839 1402 897 esse,

251 937 337 1003 quum
358 921 447 1000 liber,
472 922 526 982 nial
547 921 670 999 lectores
686 923 843 998 invenerit,
865 935 901 982 ne
920 922 1015 1002 possit
1033 923 1147 999 quidem
1167 923 1318 1000 quicquam
1338 935 1403 981 nar-

250 1042 324 1092 rare.
361 1021 424 1085 Alia
436 1023 591 1084 difficultas
612 1027 641 1084 io
662 1021 751 1084 verbo
766 1021 872 1100 plum
893 1022 988 1102 posita
1009 1025 1071 1103 est,
1092 1025 1187 1102 qood,
1210 1024 1350 1102 siqnidem
1366 1025 1403 1083 de

252 1127 405 1187 lectoribus
426 1128 536 1204 agitur,
558 1127 679 1186 otiosum
699 1124 785 1204 plane
806 1131 835 1183 et
855 1124 977 1184 ieianmn
994 1129 1049 1185 ett.
1088 1119 1164 1186 Nam
1179 1134 1266 1204 qaum
1287 1139 1403 1206 compa*

251 1232 355 1289 rativus
375 1248 439 1288 esse
459 1246 518 1286 non
542 1228 650 1305 possit,
677 1225 809 1303 qnoniam
834 1243 893 1283 non
915 1225 987 1285 alius
1008 1245 1140 1286 numerus
1159 1227 1259 1304 adest,
1280 1248 1403 1306 quocum

250 1336 387 1414 lectorum
408 1348 540 1390 numerus
565 1332 761 1407 comparetur,
786 1328 911 1405 positum
931 1329 993 1387 sine
1013 1327 1099 1387 dubio
1125 1336 1170 1390 est
1189 1349 1243 1408 pro
1265 1331 1402 1410 complu-

250 1453 303 1492 res.
338 1433 415 1504 Quid
434 1425 540 1507 igitur?
569 1429 841 1488 tantantummodo
860 1429 932 1488 liber
952 1430 988 1488 de
1008 1429 1289 1510 Horatianarrabit,
1316 1453 1402 1512 quum
1441 1487 1444 1495 ,

250 1534 409 1613 complures
432 1532 555 1590 lectores
576 1528 735 1589 invenerit‘l
762 1550 847 1609 quom
865 1551 936 1592 unrrs
955 1529 1002 1589 vel
1022 1532 1080 1589 duo
1107 1549 1191 1591 aures
1212 1533 1400 1613 praebebunt,

250 1630 377 1694 tacebis?
413 1631 475 1708 An,
501 1632 526 1690 ai
548 1634 610 1712 quis
637 1634 762 1692 sortasse
781 1631 818 1690 ad
838 1632 1032 1692 recitationem
1055 1633 1209 1711 confugere
1228 1635 1313 1713 velit,
1340 1643 1401 1697 tum

250 1734 452 1797 tandummodo
477 1733 618 1810 narrabit,
650 1753 737 1812 quum
761 1751 857 1792 coram
881 1733 1007 1813 pluribus
1034 1733 1218 1795 recitabiturl
1254 1757 1337 1816 quom
1362 1739 1399 1798 ab

250 1856 307 1896 uno
328 1834 455 1914 legetur,
476 1855 533 1896 non
553 1834 643 1896 item?
678 1835 750 1906 Quis
768 1835 884 1894 tandem
904 1835 1043 1896 eiusmodi
1063 1836 1184 1915 ineptias
1204 1837 1326 1898 Horatio
1346 1839 1399 1898 ob·

249 1937 363 1998 trudat!
397 1935 427 1996 Is
450 1939 476 1996 ai
502 1935 639 1998 voluisset
666 1937 739 1996 libro
763 1937 944 2016 praecipere,
977 1947 1008 1998 ot
1034 1938 1119 1996 etiam
1146 1937 1182 2000 de
1203 1959 1236 1999 se
1266 1941 1400 2002 nonnulla

251 2038 404 2100 lectoribus
421 2045 565 2115 narraret,
586 2057 730 2118 nunquam
746 2036 878 2116 prolecto
894 2057 912 2098 a
930 2039 1073 2098 sententia
1090 2045 1149 2098 tam
1166 2041 1260 2100 otiosa
1276 2049 1306 2101 et
1322 2043 1399 2102 inani

250 2161 368 2202 exorsum
390 2147 487 2219 esset,
513 2141 564 2202 sed
592 2141 746 2200 indicasset
774 2157 919 2215 caussam,
946 2157 995 2198 cur
1019 2140 1049 2198 id
1073 2140 1168 2201 vellet.
1211 2144 1291 2212 Quae
1312 2165 1399 2224 quum

249 2244 290 2303 ita
309 2245 383 2315 aiot,
403 2244 581 2304 manifestum
602 2247 665 2318 est,
685 2239 790 2317 verba,
808 2240 846 2300 de
867 2240 967 2320 quibos
989 2243 1113 2321 agimus,
1137 2262 1196 2303 non
1217 2245 1255 2305 ad
1277 2244 1398 2306 lectores

249 2345 414 2423 reserenda,
447 2346 500 2404 sed
527 2365 589 2405 com
614 2341 843 2404 antecedentibus
872 2349 1003 2403 accurate
1027 2345 1224 2424 coniungenda
1250 2352 1335 2425 atque
1361 2349 1397 2408 de

248 2447 346 2507 schola
363 2446 528 2527 accipienda
547 2465 620 2506 esse.
659 2445 796 2506 Horatiae
814 2445 855 2505 ita
873 2444 945 2505 libro
962 2465 1014 2506 suo
1031 2447 1169 2525 praedicit
1187 2449 1345 2528 fortunam,
1366 2457 1398 2510 ot
1427 2451 1431 2460 '

248 2556 309 2610 tres
323 2549 383 2610 eius
402 2549 483 2628 quasi
496 2549 600 2628 gradus
613 2549 723 2607 futuros
738 2565 802 2607 esse
816 2553 978 2625 auguratur.
1010 2549 1149 2626 Primum,
1170 2552 1277 2629 inquit,
1298 2571 1396 2631 qoam·

249 2651 298 2710 diu
318 2651 368 2711 tibi
385 2654 440 2711 flor
456 2653 510 2710 erit
524 2651 691 2726 iuventutis,
711 2648 836 2728 placebis
850 2649 984 2710 Romanis
1000 2649 1056 2729 (-
1069 2670 1097 2710 v.
1115 2649 1185 2731 10),
1207 2673 1292 2733 quom
1307 2654 1398 2713 deflo-

248 2753 335 2812 ruerit
354 2759 450 2829 aetas,
469 2750 616 2829 neglectos
641 2749 745 2811 iacebis
759 2757 789 2811 et
804 2751 834 2810 in
850 2753 1009 2830 provincias
1022 2751 1200 2829 ablegaberis
1215 2751 1267 2828 (-
1285 2771 1313 2815 r.
1331 2754 1395 2830 16),

248 2872 335 2914 senex
351 2854 471 2931 denique
489 2871 593 2931 pueros
607 2852 725 2912 docebis
742 2858 789 2929 et,
810 2857 843 2912 ut
863 2852 957 2913 solent
976 2853 1180 2929 ludimagistri,
1200 2854 1284 2912 vitam
1304 2872 1395 2913 meam

248 2953 392 3015 enarrabis
412 2954 468 3032 (-
486 2955 561 3032 lim).
602 2954 653 3012 Sic
671 2956 765 3013 omnia
785 2960 852 3033 apte
871 2956 945 3013 inter
964 2973 996 3013 se
1016 2953 1185 3029 cohaerere,
1207 2953 1290 3014 facile
1311 2955 1395 3015 intel·

246 3057 353 3135 ligitur.
384 3055 537 3134 Reliquum
549 3061 644 3114 tamen
657 3061 717 3133 est,
740 3062 771 3114 ut
785 3073 970 3134 quaeramus,
992 3055 1113 3136 quaudo
1129 3063 1309 3116 enarraturus
1324 3057 1394 3118 liber

246 3159 286 3218 sit
301 3158 386 3217 vitam
402 3155 514 3216 Horatii
527 3155 555 3215 lr.
569 3175 596 3220 c.
610 3157 751 3235 quomodo
764 3176 864 3218 versus
881 3160 923 3222 19
938 3158 1119 3238 explicandus
1132 3159 1179 3218 sit.
1215 3159 1277 3218 Jam
1291 3167 1394 3238 sponte

246 3269 383 3340 apparet,
402 3259 462 3317 n'on
481 3257 607 3337 quotidie
626 3257 655 3315 id
676 3258 737 3317 lieri
757 3259 904 3337 potuisse,
926 3261 1022 3338 itaque
1041 3260 1128 3321 rerba
1141 3259 1188 3319 eol
1203 3260 1320 3339 tepidam
1340 3280 1393 3320 ne·

247 3383 301 3441 que
321 3362 358 3420 ad
378 3361 568 3439 vespertinum
588 3377 682 3437 neque
701 3360 738 3419 ad
757 3363 923 3422 matutinam
936 3363 993 3422 diei
1006 3369 1136 3442 tenpus,
1160 3365 1213 3422 sed
1229 3361 1342 3441 potius,
1360 3370 1393 3422 ut

246 3465 302 3523 iam
321 3461 479 3522 Schmidins
500 3461 684 3541 significarit,
708 3463 747 3521 ad
766 3463 833 3522 anni
848 3469 1048 3545 tempestatem
1071 3483 1149 3538 eam,
1176 3483 1232 3542 qna
1254 3464 1298 3522 sol
1318 3467 1392 3544 tepi-

246 3565 299 3624 dus
321 3570 366 3624 ert
382 3564 522 3643 simulque
537 3565 632 3643 plures
654 3583 736 3643 mam
757 3570 843 3625 antea
862 3565 943 3644 pueri
964 3565 1076 3626 scholas
1095 3565 1278 3644 frequentare
1298 3566 1392 3625 solent

245 3665 273 3726 b.
296 3687 323 3730 e.
342 3667 379 3725 ad
400 3670 580 3724 anctumnum
596 3665 743 3725 reserenda
763 3685 837 3726 esse.
874 3665 930 3726 Per
950 3675 1087 3728 aestatem
1103 3667 1186 3727 eb'am
1205 3667 1289 3728 hodie
1307 3666 1391 3727 acho·

245 3769 289 3828 lae
310 3768 477 3844 inferiores,
497 3769 666 3845 praesertim
684 3767 757 3843 rori,
779 3787 864 3846 quom
888 3767 967 3827 liberi
988 3775 1107 3848 propter
1130 3771 1255 3849 agrestio
1275 3769 1392 3846 negotia

245 3871 322 3929 domi
339 3870 530 3948 retineantur,
555 3871 646 3930 minas
667 3872 847 3947 frequentes,
874 3887 959 3949 quam
978 3887 1029 3947 per
1047 3870 1167 3931 hiemem
1192 3877 1268 3930 sunt.
1306 3869 1390 3949 Apud

245 3969 389 4032 Romanos
409 3979 527 4051 propter
553 3973 678 4031 aestivos
699 3969 807 4030 calores
826 3972 905 4030 multi
933 3991 991 4031 non
1012 3971 1129 4031 obibant
1155 3971 1286 4050 scholas,
1313 3991 1389 4051 nam,

246 4079 278 4131 ut
298 4071 435 4132 Mutialis
456 4075 516 4152 (ap.
537 4073 679 4152 Schmid.)
699 4072 781 4133 dicit:
815 4079 935 4135 neema
951 4073 1088 4152 porrici
1107 4071 1225 4152 volem,
1246 4073 1321 4130 suas
1340 4071 1390 4130 di-

245 4184 343 4232 seunt.
382 4173 428 4233 Ab
448 4173 541 4234 idibus
554 4173 725 4234 Octobribus
745 4175 825 4254 pueri
839 4176 1003 4254 frequentes
1016 4177 1135 4235 ederant
1151 4181 1181 4234 et
1192 4193 1296 4234 norum
1310 4179 1391 4254 qnasi

245 4275 373 4335 &scendi
393 4293 502 4337 cursum
524 4275 770 4355 ingrediebantur,
789 4285 848 4337 tum
869 4279 954 4357 igitur
976 4275 1061 4336 etiam
1080 4277 1287 4356 ludimagister,
1310 4277 1390 4336 cuius

245 4382 342 4454 partes
368 4377 423 4436 iam
443 4378 481 4435 ad
507 4377 608 4436 librom
636 4379 860 4456 namfmuntor,
886 4385 954 4460 apte
975 4396 993 4438 a
1014 4385 1131 4458 poetae,
1157 4381 1235 4439 ouius
1265 4379 1389 4438 carmina

247 4478 435 4556 explicaturus
462 4485 539 4557 erat,
564 4480 622 4539 rita
644 4481 850 4542 exordiebatur.
892 4479 1073 4541 ldanisedum
1094 4487 1140 4541 eat
1160 4486 1266 4554 antem,
1292 4479 1389 4540 Hora-

246 4580 314 4640 tium
333 4579 385 4641 bac
405 4580 555 4641 occasione
574 4598 656 4641 usum
675 4599 755 4660 erse,
777 4587 809 4642 ut
829 4581 866 4642 de
889 4601 921 4643 se
942 4599 1051 4661 suaque
1075 4581 1133 4642 vita
1153 4581 1286 4644 nonnulla
1310 4583 1388 4644 inae-
