3458 5318
316 519 357 585 10
433 518 718 582 conuanraun
740 519 782 581 ΙΝ
802 519 1056 582 1011111111.
1073 523 1094 581 l.
1116 519 1240 583 EPIST.
1264 521 1359 584 OCT.
1439 525 1479 590 10

317 711 527 784 Albinovanus,
550 707 650 784 Mure,
670 705 793 786 gabatas
816 727 876 766 von
897 707 975 780 idm,
997 709 1061 767 dem
1079 707 1233 768 Genosaen
1258 712 1318 772 und
1342 709 1477 772 Freuude

316 816 369 872 des
386 809 527 890 Nero.“),
548 830 607 868 non
625 811 886 870 animadverterunt
905 829 967 870 rena
985 809 1061 870 illam
1078 811 1227 888 jocosam,
1252 831 1310 890 qua
1330 811 1421 874 Poeta
1441 817 1478 872 ad

316 917 435 974 amicum
456 913 553 993 poesis
573 918 715 972 amantem
728 911 825 971 literas
839 913 958 972 daturus
974 913 1087 972 Musam
1098 911 1263 990 alloquitur,
1285 919 1317 972 ut
1334 915 1389 974 sibi
1409 933 1478 994 pro·

316 1017 389 1094 pitia
409 1015 497 1075 sitin
517 1013 668 1074 salrrtaudo
693 1014 791 1073 Celso.
833 1013 913 1073 lllaru
933 1014 1199 1092 interpretationem
1223 1015 1367 1094 improbat
1384 1015 1478 1076 'Orcl-

317 1117 378 1174 lr'm
394 1136 507 1194 quoque
526 1137 591 1177 eum
612 1115 856 1176 1111111111.
879 1115 898 1179 1.
920 1137 949 1195 p.
971 1114 1045 1178 866.
1085 1116 1142 1184 Qui
1165 1129 1276 1196 rogata
1303 1119 1479 1197 explicarunt

317 1221 514 1296 irrtcnoguro,
535 1221 617 1297 quasi
635 1219 771 1278 Horatius
802 1219 941 1296 gauderet
970 1223 1046 1294 etc,
1069 1237 1120 1277 eos
1141 1219 1283 1279 vellicavit
1304 1220 1478 1280 Aaceaae'ae.

317 1317 410 1378 Verba
430 1319 722 1399 commoreturque
742 1319 873 1378 Neronis
893 1322 931 1377 ad
948 1320 1134 1379 deridendum
1155 1319 1271 1382 Celsum
1296 1323 1393 1382 addita
1414 1343 1478 1382 cre·

317 1422 387 1478 dere
418 1419 495 1497 noli,
529 1440 616 1498 quuru
646 1423 682 1480 iis
712 1422 749 1482 E
777 1423 839 1480 aine
861 1421 948 1480 dubio
969 1424 1059 1480 amico
1087 1423 1179 1481 amice
1195 1424 1356 1499 gratuletur
1377 1443 1479 1484 m

318 1521 517 1594 honorificum
537 1524 594 1583 vid.
616 1530 713 1582 annot.
735 1524 772 1581 ad
791 1521 887 1600 Epist.
911 1527 940 1598 1,
961 1523 994 1599 3,
1014 1525 1044 1588 2.
1082 1520 1132 1580 Fr.
1155 1523 1261 1584 Jacobs
1282 1526 1302 1584 1.
1324 1525 1344 1584 l.
1361 1547 1391 1604 p.
1406 1521 1479 1592 341.

317 1625 390 1688 366.
419 1624 521 1700 Comes
542 1625 617 1683 enirn
635 1629 682 1682 est
701 1623 730 1681 11.
751 1622 770 1682 l.
792 1622 869 1683 idern
893 1627 942 1702 qui
963 1624 1075 1684 Tiberii
1095 1627 1227 1698 auricus,
1252 1629 1272 1686 i.
1295 1648 1322 1688 a
1342 1629 1381 1686 ad
1409 1647 1478 1686 con-

318 1728 497 1786 suetudinem
518 1746 583 1786 cunr
604 1745 639 1785 eo
657 1727 687 1786 in
709 1726 889 1803 expeditione
906 1725 1066 1786 habendam
1081 1726 1200 1788 electus.
1244 1730 1293 1790 Sic
1310 1733 1431 1788 corruas
1450 1735 1480 1786 et

318 1831 412 1889 (1111ίοί
440 1828 615 1886 Germanici
644 1830 852 1906 conjungentur
882 1847 929 1906 ap.
952 1827 1024 1887 Tac.
1046 1829 1076 1886 in
1098 1828 1173 1888 Ann.
1206 1831 1246 1907 3,
1280 1833 1329 1895 13.
1373 1829 1480 1891 Postea

319 1933 435 1990 amictus
467 1937 497 1988 et
528 1949 623 1986 eomer
653 1935 762 1988 certum
792 1947 898 1988 nomen
926 1947 1035 2005 eorum,
1067 1930 1117 2006 qui
1143 1933 1173 1989 in
1205 1935 1324 1992 consilio
1344 1933 1480 2012 principis

318 2036 443 2094 fuemnt.
486 2032 559 2090 Vide
580 2029 780 2108 Morquordti
807 2030 918 2090 Histoe.
943 2033 1030 2108 equit.
1059 2029 1183 2091 Roman.
1216 2031 1264 2093 fv.
1295 2058 1325 2115 p.
1360 2035 1412 2099 80.
1450 2042 1480 2094 et

317 2136 465 2214 quoslrac
486 2134 576 2190 dere
597 2131 707 2190 laudari
737 2135 774 2190 ad
794 2132 887 2210 Epist
909 2134 937 2208 l,
958 2133 991 2208 3,
1013 2133 1045 2196 6.
1086 2131 1132 2192 De
1165 2135 1288 2208 aenda,
1322 2140 1346 2198 si
1380 2139 1480 2196 audias

319 2239 475 2315 Cruquiunr
496 2234 642 2312 aliosque,
663 2253 711 2292 res
731 2234 823 2310 magis
845 2235 875 2294 iu
897 2233 983 2294 dubio
1004 2240 1067 2309 est,
1091 2244 1247 2314 propterea
1267 2241 1348 2317 quod
1368 2239 1480 2298 scribae

318 2329 356 2398 ab
376 2336 505 2417 epistolis
523 2341 573 2394 aut
590 2337 665 2394 servi
685 2341 734 2394 ant
751 2335 845 2395 liberti
864 2337 908 2394 his
937 2337 1052 2414 quidem
1076 2340 1251 2415 temporibus
1280 2347 1373 2399 eraut.
1408 2339 1481 2400 Vide

318 2439 443 2499 Becher.
463 2438 501 2496 ad
519 2436 595 2496 Gall.
617 2438 639 2498 l.
662 2458 692 2516 p.
716 2438 788 2501 163.
813 2439 882 2501 180.
906 2444 936 2498 et
963 2458 1036 2516 quos
1068 2439 1186 2500 laudaut
1216 2443 1249 2501 0.
1269 2445 1396 2500 Puscov.
1439 2444 1479 2502 N.

321 2545 393 2608 106.
414 2547 445 2601 et
464 2536 624 2597 Seebodius
646 2541 676 2598 iu
693 2539 848 2616 „Scholieu
867 2559 903 2598 cu
921 2542 978 2610 Qu.
995 2539 1068 2602 Hor.
1091 2539 1159 2604 Fl.“
1176 2542 1199 2600 1.
1220 2563 1251 2621 p.
1264 2546 1293 2607 8.
1314 2544 1353 2603 Ν.
1367 2549 1395 2608 1.
1442 2541 1479 2602 at

319 2646 417 2722 quidni
434 2643 581 2702 credamus
601 2638 705 2714 Dioni,
726 2644 773 2716 qui
795 2641 848 2715 52,
870 2641 921 2704 33.
941 2642 1139 2702 Maecenatem
1159 2645 1229 2703 facit
1254 2643 1384 2724 Augusto
1413 2665 1479 2704 sua-

320 2747 447 2819 dentem,
468 2747 499 2800 ut
519 2741 563 2800 ad
581 2739 720 2818 epistolas
740 2752 769 2798 at
789 2742 833 2800 ad
851 2739 968 2802 libellos
987 2745 1139 2819 (1111111111
1159 2746 1307 2825 quaedam
1327 2768 1363 2806 ex
1381 2747 1481 2826 Eque·-

321 2847 400 2906 a'buo
416 2843 568 2904 (1111111111
601 2842 692 2904 Aliter
713 2845 827 2921 quidem
845 2846 882 2906 de
902 2845 1043 2908 hocloco
1065 2849 1155 2907 sentit
1183 2849 1311 2926 Lepcim
1341 2853 1379 2910 ed
1409 2849 1481 2912 'rac

320 2949 395 3012 Amr.
418 2946 469 3022 15,
490 2945 543 3022 35,
562 2949 603 3022 2.‚
625 2949 682 3010 sed
702 2946 793 3024 probe
813 2947 1046 3024 distinguendum
1067 2950 1198 3027 videtur,
1225 2951 1294 3028 quid
1315 2953 1423 3012 1111111111
1442 2953 1481 3010 sit

320 3054 419 3114 ordine
439 3049 585 3128 [Hadrian.
607 3049 636 3106 in
655 3048 705 3107 vit.
726 3047 873 3128 Lamprid.
895 3051 1039 3126 Spartian.
1063 3052 1125 3129 21]
1149 3054 1265 3130 etquid
1295 3061 1376 3114 extra
1398 3055 1500 3114 ·ordi-.

319 3175 403 3228 nem,
422 3154 463 3211 ita
475 3157 508 3208 ut
530 3151 689 3222 credamus,
710 3153 758 3228 qni
774 3151 935 3229 hujusmodi
954 3150 1067 3211 eolrortr'
1086 3157 1266 3225 απιίεοηυη,
1281 3174 1371 3232 *quam
1384 3173 1480 3213 secum

320 3260 439 3318 duceret
458 3251 504 3309 vel
525 3250 663 3327 Princeps
684 3249 729 3310 vel
750 3255 839 3329 ipsius
860 3253 946 3328 lilius,
974 3255 1116 3332 ucriptua
1137 3263 1231 3332 esset,
1253 3275 1318 3314 eum
1338 3257 1481 3316 interdum

319 3359 359 3417 ed
379 3351 515 3434 epistolas
536 3351 673 3428 imprimis
694 3361 861 3414 cremaret
881 3355 1019 3432 gravioria
1039 3359 1199 3434 argumenti
1227 3377 1261 3416 ex
1293 3355 1368 3418 illius
1398 3375 1480 3417 man-

321 3463 392 3520 dato
418 3451 639 3516 conscribendas
667 3471 733 3512 esse
762 3455 928 3520 adhibitum.
965 3458 1016 3518 Sic
1045 3463 1123 3518 recte
1160 3457 1323 3521 01101111.ι
1345 3459 1480 3522 Ceterum

322 3563 452 3631 1111111111,
473 3555 521 3634 qui
541 3556 613 3614 actis
632 3556 749 3634 privatis
770 3555 925 3620 Caesarum
943 3567 1134 3637 praeessent,
1167 3581 1219 3619 eos
1240 3563 1270 3620 in
1289 3563 1480 3640 inscriptioni·

322 3664 376 3724 bua
395 3667 457 3720 turn
476 3655 517 3716 ab
538 3657 682 3734 epistola,
703 3656 743 3716 ab
765 3660 895 3738 pantu
916 3659 1035 3731 latitura,
1055 3661 1096 3723 ab
1116 3663 1247 3739 epistolis
1266 3663 1400 3742 gaeon,
1420 3669 1480 3724 tum

321 3785 343 3826 u
364 3762 583 3824 commentariis
601 3759 702 3840 (Gnrt.
723 3760 799 3840 687,
819 3763 877 3842 6.),
896 3782 917 3818 a
937 3761 1047 3822 libellis
1075 3763 1169 3843 (687,
1197 3765 1228 3826 9.
1259 3763 1324 3842 10.)
1356 3771 1480 3842 etquae

323 3873 390 3930 suut
408 3865 464 3924 ulia
482 3863 567 3942 hujus
587 3864 702 3939 generis
725 3866 946 3931 commemorari.

404 3967 438 4026 V.
458 3967 489 4029 3.
510 3960 542 4026 4.
567 3964 604 4022 Si
623 3976 808 4044 11111111-
830 3969 974 4028 roaviror.
1018 3966 1249 4044 11111111111111,
1267 3986 1341 4046 quae
1356 3969 1433 4029 inest
1451 3967 1481 4026 iu

322 4079 448 4151 Fumo,
470 4071 545 4130 bene
563 4070 655 4128 sensit
676 4067 906 4148 Hubersalduo,›
919 4073 948 4130 in
971 4089 1007 4129 eo
1025 4075 1137 4132 tantum
1154 4069 1272 4147 lapsus,
1300 4072 1378 4148 quod
1402 4071 1481 4135 Con·

318 4179 474 4259 junctimru
493 4189 623 4252 quaerar
640 4171 677 4230 ad
694 4189 756 4231 eam
781 4174 990 4248 conditionem,
1023 4187 1102 4248 quae¹
1126 4172 1200 4230 iuter
1220 4176 1371 4250 utrumque
1390 4173 1480 4234 horni-

323 4299 390 4340 uenr
408 4297 475 4338 vere
495 4273 725 4349 intercessisset,
762 4273 1049 4335 accommodatiorem
1074 4273 1195 4350 putavit.
1248 4272 1298 4332 Sic
1328 4293 1364 4334 ex
1395 4293 1479 4355 prae·

325 4387 438 4458 sumpta
456 4375 590 4455 opinione
607 4373 678 4433 aliur
699 4392 786 4452 super
817 4374 901 4434 alium
927 4375 1052 4436 exoritur
1079 4394 1167 4434 error.
1220 4371 1377 4436 Praeterea
1407 4377 1484 4454 quid

325 4501 419 4560 agam
449 4479 571 4540 formula
601 4482 648 4536 est
678 4476 874 4553 interrogandi
904 4481 974 4556 post
998 4477 1096 4539 datam
1126 4483 1157 4536 et
1187 4483 1334 4556 acceptam
1361 4475 1482 4536 sulutem

328 4583 474 4658 utriusque
494 4579 607 4657 liuguae
625 4578 793 4655 communis,
815 4587 848 4640 nt
868 4579 1016 4658 dilogianr‚
1034 4597 1120 4655 quam
1136 4579 1230 4640 sensit
1242 4579 1393 4638 Baxtmaa
1412 4577 1481 4658 („ut
