3458 5318
211 509 252 574 33
319 505 599 570 committatur
624 507 667 566 IN
687 505 856 568 nonuru
876 505 950 566 LlB.
973 507 997 566 l.
1022 505 1147 566 EPIST.
1169 505 1265 566 NON.
1329 503 1371 566 33

210 691 317 754 Trbbre
332 697 444 754 lassent
463 693 602 770 e'loignts.
643 692 688 753 Le
710 696 832 774 premier
849 695 893 754 lut
907 693 1021 754 nomme
1030 711 1212 772 gouverneur
1226 695 1262 754 da
1275 693 1369 772 Syrie,

209 801 242 854 et
269 813 306 854 oa
335 795 458 872 charges
481 795 588 856 Tibbre
618 793 720 854 d'nller
747 796 846 857 visitet
874 804 905 856 et
931 798 967 856 de
997 796 1092 874 rtgler
1119 796 1160 856 les
1182 803 1278 858 autres
1299 817 1368 876 pro-

208 897 306 954 vinces
328 896 483 972 d'Orieut‚
506 898 543 957 ob
565 896 736 976 l’empereur
757 899 833 956 avait
855 899 881 960 le
902 901 997 978 projet
1018 900 1056 956 66
1078 919 1109 956 66
1124 899 1226 958 rendre
1248 918 1283 958 66
1301 917 1367 977 per·

207 1015 307 1056 sonae.
351 997 483 1078 Agrippa
502 1018 541 1059 ne
561 1018 594 1058 se
615 998 720 1077 miprit
740 1017 794 1078 pas
815 1021 865 1060 sor
880 1002 923 1060 les
936 999 1035 1060 motils
1051 1001 1088 1060 66
1107 1000 1367 1077 cetexudeguise;

208 1099 228 1158 il
248 1099 352 1178 partit,
386 1099 458 1159 mais
492 1101 512 1158 il
544 1098 668 1160 s'arrita
698 1103 716 1159 ir
746 1099 877 1179 Lesbos,
914 1108 945 1162 64
969 1121 1079 1180 enroya
1103 1121 1142 1162 un
1168 1103 1274 1162 deses
1296 1103 1366 1162 666-

208 1207 310 1260 466666
333 1219 496 1278 gouvernar
517 1201 654 1280 laSyrie.
698 1203 805 1264 Tibere
824 1201 995 1284 r'apprbtuit
1015 1203 1033 1262 b
1054 1203 1154 1280 cheir,
1176 1210 1205 1262 et
1227 1205 1300 1263 etoit
1319 1223 1368 1264 sur

206 1302 234 1362 le
254 1303 338 1382 point
359 1304 397 1364 66
421 1303 529 1382 quitter
548 1303 658 1380 Rome,
692 1304 801 1383 lorsqu'
826 1303 942 1364 Horace
972 1303 1011 1366 lui
1041 1307 1239 1366 recommendo
1270 1305 1368 1383 Septi-

205 1402 291 1481 m'um,
314 1403 363 1483 qui
384 1403 506 1464 desirait
526 1403 598 1464 iaire
619 1405 712 1483 partie
733 1405 770 1464 de
792 1425 846 1468 son
868 1407 987 1482 oortbge
1008 1425 1045 1466 en
1063 1407 1199 1466 Orient“
1217 1407 1306 1476 Quod
1316 1407 1367 1464 Vir

206 1503 392 1565 doctissimus
414 1505 563 1565 Tiberium
587 1505 617 1564 in
642 1505 792 1566 Orientem
819 1509 935 1568 missam
964 1508 1053 1585 dicit,
1086 1528 1122 1568 ne
1151 1508 1285 1570 Marcello
1315 1509 1367 1567 ob·

205 1607 339 1683 sisteret,
373 1607 402 1665 iu
431 1606 461 1664 in
482 1604 640 1687 Agrippam
662 1607 757 1684 cadit,
786 1625 845 1668 non
865 1610 934 1668 item
954 1611 984 1669 in
1006 1609 1153 1671 Tiberium
1175 1615 1251 1672 teste
1274 1607 1367 1668 Dione
1433 1643 1453 1672 ,-

205 1706 310 1768 Cassio
332 1707 386 1786 63,
407 1707 477 1786 32,
510 1727 632 1788 quocum
651 1710 794 1769 consentit
807 1709 960 1770 Suetonius
981 1711 1011 1768 in
1032 1709 1099 1784 Yrta
1125 1711 1192 1771 Tib.
1217 1709 1284 1790 10.,
1318 1713 1366 1790 qui
1433 1783 1436 1790 Ι

204 1805 355 1868 Tiberium
375 1808 469 1868 Roma
491 1809 658 1872 discessisse
680 1811 809 1890 exemplo
829 1811 870 1870 Μ.
881 1811 1029 1893 Agrippae
1050 1813 1107 1888 ait,
1134 1813 1205 1890 „qui
1226 1812 1267 1872 Μ.
1288 1811 1367 1872 Mar—
1442 1814 1445 1820 “

206 1909 280 1970 cello
301 1909 340 1968 atl
361 1910 476 1990 publica
494 1931 613 1972 munera
642 1915 760 1972 admoto
781 1912 934 1990 Mytilenas
963 1913 1083 1992 abierit,
1112 1933 1150 1973 ne
1175 1922 1224 1974 aut
1253 1915 1368 1974 obstare

205 2016 258 2070 aut
280 2010 441 2072 obtrectare
461 2031 598 2091 praeseus
620 2013 800 2075 videretur.“
844 2015 891 2072 Cf.
912 2013 971 2074 Vit.
993 2016 1097 2074 Octav.
1119 2018 1171 2080 66.
1202 2015 1295 2076 Istum
1315 2035 1367 2074 au·

207 2119 267 2172 tem
288 2111 399 2174 Tiberii
421 2115 580 2174 discessum
601 2123 669 2196 post
701 2135 806 2176 annum
826 2099 898 2179 734.
927 2117 1042 2195 quidem
1070 2123 1099 2176 et
1126 2119 1215 2176 multo
1247 2117 1368 2194 posthac

202 2213 313 2274 iactum
333 2221 404 2294 puta
425 2214 499 2292 (vid.
520 2215 608 2275 Wolf.
630 2217 781 2278 etWaItb.
802 2219 841 2276 66
862 2218 933 2278 Tac.
954 2216 1030 2277 Ann.
1054 2220 1090 2294 1,
1117 2214 1155 2293 4,
1184 2219 1213 2280 6.
1243 2216 1367 2296 interpp.

202 2315 243 2376 66
264 2314 333 2376 Dio.
359 2317 443 2376 Cass.
465 2316 524 2396 55,
546 2317 602 2399 9.)‚
626 2327 782 2401 propterea
800 2319 880 2399 quod
900 2315 1189 2380 Tiberius'erodum
1211 2319 1367 2395 navigavit,

202 2417 284 2496 cujus
302 2425 331 2478 et
352 2419 523 2479 amoenitate
550 2426 580 2479 et
606 2420 774 2482 salubritate
791 2424 850 2500 jam
878 2421 1067 2499 indemptus
1095 2439 1161 2480 esse
1187 2438 1206 2478 a
1227 2421 1367 2481 Suetonio

201 2517 244 2598 (6.
268 2519 332 2598 11.)
354 2521 476 2600 dicitur,
497 2540 608 2599 „quum
629 2523 667 2582 ad
691 2543 753 2583 eam
772 2525 809 2584 ab
825 2522 958 2584 Armenia
979 2523 1094 2584 rediens
1116 2520 1150 2599 (i.
1168 2542 1194 2582 6.
1205 2524 1281 2582 buno
1293 2520 1366 2584 734.

200 2626 279 2681 teate
299 2617 395 2681 Dione
416 2622 501 2680 Cass.
523 2620 582 2703 64,
604 2625 636 2686 9.
658 2625 723 2684 coll.
738 2632 838 2686 annot.
859 2627 898 2685 66
918 2627 1012 2706 Epist.
1035 2625 1072 2700 1,
1093 2623 1125 2686 3.
1153 2644 1183 2702 p·
1206 2623 1285 2702 200)
1315 2642 1368 2703 ap·

199 2721 356 2802 pulisset“
403 2723 589 2782 Sorrodonus
608 2733 704 2786 autem
728 2735 758 2788 et
779 2725 959 2807 Dorighello
982 2725 1047 2786 loco
1074 2725 1246 2806 praesertim
1265 2725 1368 2803 Velleji

198 2825 232 2900 2,
254 2820 308 2886 94.
329 2824 360 2882 in
384 2843 512 2885 errorem
534 2826 640 2884 inducti
663 2835 743 2888 sunt:
764 2830 855 2907 „Neo
875 2830 971 2890 multo
986 2837 1054 2908 poet
1076 2829 1187 2886 6666666
1205 2825 1245 2884 ab
1267 2826 1368 2884 eodem

197 2927 308 2983 anteo
330 2944 399 2982 oum
422 2927 551 2982 66666446
566 2924 611 2982 od
631 2929 773 2986 visendae
794 2929 1039 3009 nomadesque
1067 2948 1145 3008 quae
1166 2925 1223 2986 rub
1249 2927 1370 2985 Oriente

197 3035 277 3088 aurit
295 3026 505 3104 provincias.“
548 3026 644 3086 Verba
665 3033 761 3088 antem
779 3030 882 3111 Velleji
903 3036 1035 3110 spectent
1056 3030 1093 3087 ad
1115 3047 1220 3087 annum
1236 3029 1369 3092 ve1753.

198 3131 249 3190 vel
274 3126 371 3204 734,
406 3147 464 3206 quo
487 3125 622 3188 Tiberius
648 3129 810 3190 Armeniam
836 3132 983 3208 ingressus
1016 3136 1069 3190 est.
1111 3128 1157 3188 De
1189 3145 1264 3188 anuo
1297 3130 1368 3192 731.

199 3237 302 3310 (quem
326 3231 447 3290 eundern
470 3227 657 3307 Doerr'ngrirc
675 3231 713 3288 acl
736 3231 794 3292 06.
810 3234 846 3309 2,
869 3237 900 3298 6,
921 3255 950 3314 p.
974 3234 1044 3298 138.
1071 3231 1117 3291 66.
1131 3231 1233 3307 Regel.
1256 3231 1369 3310 statuit)

199 3351 237 3392 66
268 3331 364 3410 potnit
393 3331 509 3410 quidem
537 3331 664 3408 cogitare
686 3331 829 3410 Vellejus‚
858 3335 993 3414 qnoniam
1015 3334 1100 3412 paulo
1130 3339 1197 3391 ante
1221 3332 1369 3392 Tiberium
1502 3404 1504 3410 Α

201 3433 445 3506 undevicesimum
470 3451 575 3494 66666
603 3439 736 3510 agentem
764 3433 876 3496 Itomae
906 3443 1087 3515 quaestorem
1123 3435 1215 3494 fuisse
1247 3435 1368 3495 dixerat.

200 3538 287 3607 Quae
315 3543 411 3596 autem
437 3536 622 3594 &nedem
656 3535 803 3613 (Oeurres
839 3537 991 3598 tl’Horace.
1039 3537 1184 3597 Amsterd.
1220 3537 1311 3602 1t35.
1345 3539 1368 3598 I.
1490 3583 1495 3590 .

199 3639 342 3718 p.311.),
364 3635 546 3718 Doriglrsllo
567 3634 605 3718 (I.
627 3656 657 3715 p.
678 3637 823 3718 XXVIII.)
849 3645 879 3699 64
904 3639 1155 3698 Walcbenaeriua
1175 3638 1227 3718 (II.
1245 3661 1275 3718 p.
1301 3639 1370 3718 40.)

200 3741 238 3800 66
261 3737 386 3818 Augusti
409 3743 598 3814 testamento,
631 3755 688 3816 quo
710 3737 875 3800 Marcellum
907 3741 962 3799 sibi
989 3759 1185 3802 successorem
1214 3740 1367 3817 delegerit,

201 3859 289 3902 causa
311 3841 438 3900 omnium
459 3841 598 3901 malorum
619 3840 640 3898 i.
659 3858 688 3898 e.
712 3839 857 3901 discessus
878 3849 909 3902 et
924 3841 1069 3924 Agrippae
1094 3849 1123 3902 et
1143 3841 1266 3918 Tiberii,
1283 3861 1369 3902 enar·

202 3949 285 4021 rant,
322 3961 356 4004 ea
385 3943 472 4022 longe
500 3943 585 4003 aliter
614 3941 691 4020 apud
712 3939 800 3999 Dion.
818 3941 902 4002 Cass.
926 3943 985 4022 63,
1016 3947 1068 4008 31.
1106 3943 1185 4020 (coll.
1207 3944 1309 4002 Senec.
1331 3945 1369 4002 66

201 4043 304 4120 Polyb.
329 4043 382 4108 84.
404 4046 539 4106 Freiuslr.
561 4045 709 4124 Supplem.
734 4041 799 4102 Ltv.
831 4044 911 4121 135,
940 4046 1004 4126 29.)
1037 4047 1179 4124 leguntur.
1229 4044 1278 4103 Sic
1309 4053 1369 4102 tres

202 4145 245 4204 illi
264 4145 319 4202 viri
340 4165 410 4208 vcra
430 4148 605 4208 miscuerunt
627 4145 725 4224 falsis,
747 4144 795 4223 qui
811 4163 892 4207 error
915 4167 951 4207 ne
968 4148 1052 4208 latius
1069 4153 1186 4228 reperet
1201 4145 1255 4206 bac
1269 4151 1370 4204 nostra

202 4245 403 4310 observatione
424 4250 584 4308 strandum
604 4249 668 4308 init.
1366 4299 1378 4322 ,

288 4348 337 4410 Ile
358 4349 502 4428 elegantia
522 4369 610 4427 quum
631 4351 722 4411 totius
742 4349 908 4430 Epistolae,
940 4359 1001 4413 tum
1022 4354 1059 4413 66
1081 4353 1193 4430 aliquot
1212 4347 1285 4407 locis
1309 4348 1369 4407 dia·

204 4453 296 4510 seruit
319 4451 448 4512 0616.
473 4451 712 4511 &adelmannus
732 4452 762 4510 in
775 4449 879 4530 Progr.
897 4453 987 4514 schol.
1015 4453 1140 4512 Dessav.
1171 4447 1269 4512 1833:
1302 4449 1370 4528 „De

202 4551 273 4694 Quii
281 4551 398 4695 Horatliq
421 4553 466 4612 Fl.
488 4553 619 4632 Epistola
640 4555 678 4612 ad
701 4553 849 4614 Tiberium
874 4557 995 4633 ejusque
1017 4571 1102 4611 versu
1125 4553 1207 4707 1153
1228 4555 1370 4632 vertitque

274 4656 355 4698 on'r.
400 4681 408 4696 ·
