3472 5320
243 515 308 582 187
349 513 558 578 comm.
573 513 617 576 ΙΝ
630 509 1280 578 floa.Lm.1.srlsT.ssxT.nscm.
1321 506 1386 578 2⁹⁷

187 779 191 786 ι
242 702 344 782 primis
361 705 473 779 utatur,
492 699 602 764 scilicet
621 707 654 762 ut
670 699 771 783 procul
790 699 828 760 ab
848 698 935 778 urbe,
956 700 1095 760 communi
1115 698 1255 762 laouorom
1276 707 1306 762 et
1325 701 1387 762 lau·

244 804 315 864 dum
333 804 507 885 publicarum
526 804 655 880 theatro,
682 823 714 864 re
735 821 788 864 sua
808 808 959 864 contuitus
975 806 1066 878 uvat,
1087 802 1126 863 ita
1145 811 1267 883 occupat
1285 803 1407 884 Poeta,¹

243 910 279 964 ut
299 904 377 966 fundi
394 908 439 968 sui
454 925 511 966 nou
528 913 588 966 tum
607 904 765 966 ubertatem
783 912 814 966 et
832 905 1015 990 opulentiam,
1036 923 1119 984 qaam
1139 907 1338 968 amoenitatem
1357 911 1390 968 et

244 1005 441 1068 salubritatem
460 1008 615 1088 praedicet.
658 1007 837 1068 Sententiam
860 1007 933 1068 bene
954 1008 1045 1066 sensit
1064 1006 1254 1086 Porptprton
1262 1049 1276 1080 ,
1302 1027 1389 1086 quum
1433 1053 1437 1066 .

243 1109 369 1170 diceret:
396 1130 456 1187 „ue
478 1110 552 1170 sorte
573 1111 766 1189 perconteris,
789 1110 930 1172 scribetur
949 1109 1002 1168 titi
1022 1108 1113 1168 forma
1133 1108 1312 1188 loquaciter“
1332 1117 1389 1174 etc.

247 1210 443 1270 Wtetandrue
462 1211 566 1290 aliique
581 1213 641 1288 jam
661 1211 716 1272 luae
735 1215 765 1272 in
784 1231 817 1272 re
835 1212 944 1282 Quintil
965 1211 1002 1271 de
1017 1209 1153 1270 reditibus
1168 1211 1252 1272 villae
1268 1231 1390 1292 pmccn·

243 1311 333 1372 tantis
354 1313 484 1392 pusillum
504 1313 626 1374 animum
646 1312 702 1373 sibi
724 1314 958 1374 animadvertisse
978 1311 1029 1372 visi
1056 1318 1137 1383 sunt,
1172 1313 1304 1393 Oruqrsiu
1323 1333 1389 1374 rer·

244 1411 311 1472 bum
324 1415 524 1492 percomis·
541 1417 654 1492 signare
670 1417 781 1476 videtur
800 1417 945 1486 Quintium
964 1409 1202 1498 πολυπράγμονα
1221 1419 1284 1480 τῶν
1299 1409 1390 1482 itto-

242 1514 337 1596 πρίων
356 1519 471 1592 κακῶν,
491 1520 510 1576 i.
529 1535 556 1577 e.
574 1519 657 1578 nimis
671 1519 700 1578 iu
721 1517 814 1578 aliena
834 1517 908 1577 mala
928 1517 1071 1576 curiosum
1090 1517 1297 1596 indagatorem,
1318 1538 1390 1597 qua·

243 1615 289 1676 les
306 1617 368 1678 sere
388 1621 446 1678 sint
460 1625 665 1698 praepotentes
687 1625 743 1682 etc.
775 1619 951 1680 Hocludcro
970 1620 1001 1678 iu
1021 1619 1074 1678 luae
1091 1619 1154 1699 ipsu
1173 1623 1389 1701 percontatione

242 1737 344 1796 parum
362 1719 474 1780 delicati
492 1719 689 1798 iulumunique
709 1724 804 1783 inesse
826 1721 969 1798 sentienti,
991 1740 1077 1798 quum
1095 1719 1161 1780 villa
1180 1722 1284 1785 talibus
1303 1723 1389 1786 rebus

243 1819 322 1879 hand
344 1820 428 1881 dubie
450 1822 581 1898 caruerit,
602 1841 693 1902 paene
714 1827 873 1886 contrarius
895 1829 941 1883 est
963 1823 1189 1901 Cupmurtiniuo
1209 1824 1246 1884 cte
1261 1824 1389 1906 Olsunpy

245 1919 440 1999 (Decouverte
459 1924 496 1984 de
516 1924 544 1984 la
564 1925 673 1986 maison
693 1926 731 1986 de
752 1944 909 2004 compagae
930 1925 1123 1990 anomoei.
1145 1945 1174 2005 p.
1189 1925 1289 2005 858),
1304 1947 1390 2006 qutun

244 2022 322 2082 illam
347 2023 452 2084 talibus
478 2033 606 2086 ornatam
630 2047 683 2106 per
707 2045 739 2086 se
758 2026 878 2103 intelligi
905 2026 983 2092 dicit.
1024 2027 1116 2090 Recte
1142 2028 1228 2088 etiam
1257 2028 1390 2090 Onttuu

245 2123 437 2184 Drintscmm
453 2128 537 2188 nimis
554 2129 664 2188 infinite
685 2135 715 2190 et
733 2129 852 2188 licenter
872 2129 965 2188 locuuu
986 2128 1054 2188 dicit
1072 2129 1288 2209 interpretatum
1309 2151 1388 2194 esse:

244 2223 317 2303 „Du
337 2227 417 2288 wirot
438 2229 576 2290 rielleicht
596 2251 632 2290 su
656 2232 758 2292 wissen
776 2230 944 2308 umorum,
965 2249 1021 2290 rou
1043 2230 1164 2292 ueluher
1183 2230 1236 2292 Art
1254 2235 1330 2293 deun
1349 2234 1390 2294 ei·

244 2328 371 2404 geutliclr
394 2332 468 2392 mein
488 2333 549 2393 Gut
570 2333 653 2410 sei,“
680 2339 712 2394 at
737 2351 821 2412 quam
845 2334 908 2412 ipse
936 2351 1022 2392 ausus
1047 2337 1092 2392 est
1110 2333 1389 2412 interpretationum

244 2430 336 2506 „Scio
356 2441 469 2510 gratum
489 2435 540 2495 tibi
561 2437 641 2512 lore,
662 2437 687 2496 ai
707 2436 828 2496 formam
848 2434 929 2494 fundi
950 2435 1006 2494 mci
1026 2433 1100 2494 ultro
1122 2435 1174 2496 tibi
1195 2437 1389 2518 (ἰᾶσι-ἱμαῖος

245 2529 341 2609 itaque
362 2533 420 2594 uoli
444 2555 491 2596 me
511 2556 546 2598 ea
564 2540 601 2600 de
621 2557 653 2598 re
671 2537 872 2620 percontari,“
890 2537 1014 2598 numeris
1034 2535 1192 2598 absolutam
1211 2537 1286 2600 haud
1308 2541 1390 2602 dire·

244 2631 307 2694 rim.
351 2635 407 2705 Qui
433 2638 462 2698 in
488 2637 673 2700 allocutione:
700 2642 810 2719 optima
835 2639 957 2716 Quota,
981 2659 1045 2700 cum
1069 2639 1222 2721 Oroqoiu,
1247 2641 1389 2704 &datto

209 2749 215 2760 '
244 2733 365 2813 aliisque
386 2738 503 2800 ironiam
524 2743 669 2818 sentiunt,
688 2749 873 2823 praesumpta
893 2761 946 2802 sua
966 2741 1098 2821 opinione
1112 2761 1170 2805 nou
1191 2744 1324 2806 videnmt
1343 2745 1389 2805 fa·

245 2836 382 2896 miliarem
402 2841 638 2919 appellationem,
664 2847 744 2922 cujus
766 2844 876 2922 aliquot
896 2843 1025 2923 exempla
1043 2843 1159 2920 collegit
1178 2842 1325 2922 Bentlejus
1351 2847 1389 2908 ad

245 2937 311 2996 Sat·
332 2941 362 3015 1,
383 2940 415 3014 8,
435 2942 485 3006 27.
507 2942 543 3001 ci.
564 2943 698 3006 Kuiuoel.
717 2946 755 3005 ad
774 2946 840 3004 Act.
856 2945 958 3023 apost
977 2945 1030 3020 28,
1051 2946 1102 3008 26.

331 3040 365 3102 V.
387 3045 418 3106 2.
441 3041 474 3105 8.
500 3041 588 3102 Arva
609 3057 721 3121 paseat
742 3079 785 3092 -
811 3046 903 3105 ulmo.
946 3047 977 3106 lu
1004 3043 1049 3104 luis
1077 3043 1173 3104 verbis
1198 3060 1255 3102 nou
1282 3043 1390 3114 Quintil

245 3149 431 3222 praesumptu
450 3147 639 3224 percontatio,
659 3148 689 3206 id
710 3150 787 3225 quod
803 3149 918 3225 quidam
934 3147 1106 3225 interpreter
1120 3163 1179 3206 non
1193 3143 1390 3225 memmenni,

245 3246 301 3306 sed
328 3246 419 3325 ipsius
447 3246 556 3308 Poetae
581 3248 743 3327 explanatio
769 3249 952 3328 intelligenda
983 3255 1038 3310 est.
1078 3246 1108 3306 ls
1141 3251 1235 3306 autem
1263 3247 1391 3326 sequitur

245 3348 308 3408 fere
328 3368 382 3408 usu
402 3357 546 3427 receptam
567 3352 662 3430 operia
687 3351 991 3422 rustici'divisionem3
1021 3351 1118 3410 onum
1138 3349 1216 3408 caira
1239 3367 1313 3428 ager
1336 3365 1389 3410 au·

246 3455 327 3510 ctore
347 3452 475 3512 Varrone
497 3451 543 3530 [L.
563 3451 600 3514 1..
621 3454 643 3516 1.
665 3475 695 3533 p.
711 3453 786 3518 362.
810 3454 876 3534 Bip.
897 3453 961 3516 coll.
982 3451 1020 3512 R.
1041 3452 1078 3512 R.
1101 3455 1130 3526 1,
1151 3452 1180 3514 6.
1201 3449 1249 3528 7.]Ι
1263 3448 1389 3528 quadri-

190 3605 197 3624 ,
238 3553 359 3634 farriam
380 3553 529 3614 divr'ditrcr
549 3560 605 3616 etc.
632 3556 718 3616 Cous.
739 3557 801 3616 Cic.
819 3556 884 3616 Cat.
905 3556 970 3633 maj.
992 3552 1049 3629 15,
1068 3549 1120 3616 54.
1141 3551 1219 3628 Virg-
1235 3551 1292 3612 Ge·
1311 3555 1339 3626 1.
1357 3554 1389 3618 2.

246 3659 279 3732 2,
295 3657 452 3722 221-25.
465 3657 533 3735 ibiq.
548 3656 632 3718 Voss.
662 3658 770 3721 Eadem
792 3659 853 3718 lere
874 3657 947 3716 ratio
968 3655 998 3716 iu
1020 3653 1105 3714 rebus
1126 3653 1164 3711 ad
1184 3652 1279 3712 uillam
1298 3656 1389 3734 perti-

245 3759 388 3838 nentibus,
409 3761 428 3819 i.
449 3779 475 3818 e.
487 3762 635 3839 praediisr
656 3760 729 3820 Plin.
749 3761 844 3839 Epist.
866 3758 898 3834 5,
919 3759 952 3834 8,
971 3759 1002 3820 9.
1029 3758 1137 3816 Ausou.
1155 3756 1197 3820 ld.
1216 3757 1248 3832 8,
1269 3756 1308 3820 17
1322 3775 1390 3834 sqq.

247 3861 291 3922 Ex
310 3863 354 3922 luis
375 3865 445 3942 ipsis
471 3863 656 3942 intelligitur,
682 3881 766 3942 quam
789 3880 847 3920 nou
868 3859 1076 3920 contemnenda
1099 3860 1138 3920 sit
1158 3859 1298 3938 scriptura
1323 3859 1390 3917 Pu-

247 3964 355 4036 miave,
375 3983 459 4042 quum
475 3985 570 4044 poma
591 3971 621 4026 et
640 3963 739 4022 olivae
758 3965 796 4022 ad
815 3983 915 4040 ugrum
936 3963 1082 4022 comitum
1100 3962 1271 4042 pertineant,
1290 3965 1390 4020 coutrs

187 4117 195 4127 .
248 4085 333 4144 quam
353 4085 412 4126 nou
434 4067 554 4128 serenda
577 4067 757 4126 incommoda
781 4065 828 4126 illa
854 4067 1016 4143 conjectura
1041 4067 1139 4140 Ervo,
1169 4082 1225 4142 qua
1245 4061 1299 4122 vile
1318 4061 1389 4121 illud

248 4168 398 4244 leguminis
411 4169 560 4245 indicatur,
580 4167 658 4246 quod
672 4164 831 4227 Columella
844 4165 952 4226 laetari
964 4187 1065 4228 macro
1077 4185 1152 4247 apro
1167 4165 1246 4225 dicit.
1268 4161 1389 4224 Arnum

248 4277 341 4332 numm
360 4288 415 4348 pro
435 4271 574 4330 frumento
595 4275 626 4329 et
644 4267 802 4348 segetibus,
823 4268 866 4328 uti
886 4275 963 4328 recte
983 4269 1124 4348 explicant
1142 4273 1260 4328 auctore
1275 4266 1389 4326 Acrone

181 4359 189 4392 ¹
248 4373 423 4452 glossemata
442 4372 568 4432 codicum
587 4371 677 4436 Paria.
691 4371 726 4430 B.
742 4374 772 4428 et
786 4393 820 4448 φ.
839 4402 884 4416 ·-
904 4367 988 4430 bocio
1007 4371 1113 4432 olivae.
1140 4369 1296 4445 olivanum,
1317 4385 1389 4445 quas

248 4477 278 4536 in
302 4475 422 4536 modicis
449 4473 511 4552 agri
534 4473 635 4534 Sabini
661 4473 739 4536 olivis
766 4473 934 4550 provenisse
957 4479 1079 4534 testatur
1107 4469 1265 4531 Columella
1291 4469 1329 4535 R.
1350 4469 1387 4532 R.

250 4575 289 4682 8,
308 4578 351 4656 8.,
380 4575 475 4638 varius
503 4581 566 4638 erat
586 4576 664 4656 apud
688 4581 801 4636 veteres
824 4595 910 4653 usus,
939 4575 1075 4655 imprimis
1095 4571 1316 4651 condiebantur,
1347 4571 1388 4632 cl.
