3430 5324
366 493 428 560 172
476 493 688 556 COMMENT.
703 495 745 558 IN
759 495 854 556 HOR.
868 495 976 558 Lusi
1007 495 1131 558 EPIST.
1148 497 1266 559 TsnT.
1283 497 1418 561 DECIM.
1465 505 1503 570 12

363 681 473 764 Sohm.)
498 684 599 761 Quum
617 679 672 738 tibi
688 679 800 740 librum
813 681 941 741 sollicito
959 683 1195 770 (nolopeolpep)
1213 686 1323 744 damus
1338 699 1396 746 out
1404 689 1505 768 sesso,-

363 787 427 846 ooll.
448 785 554 845 Diserte.
578 783 615 842 sd
635 784 696 841 Set.
717 786 753 858 2,
771 787 804 858 1,
827 786 959 848 18-20.
1004 787 1059 846 Cui
1077 788 1120 846 rei
1137 789 1291 866 opponitur
1309 790 1395 848 Ovid.
1415 791 1505 852 Trist.
1621 792 1627 804 ‘

365 893 395 965 1,
415 891 445 964 1,
467 889 519 950 93.
559 886 596 944 Si
610 887 722 964 poteris
740 905 835 944 vacuo
854 887 954 958 tradi,
975 889 1003 945 si
1022 900 1130 947 cuneta
1149 895 1204 948 etc.
1226 891 1271 950 ld.
1291 891 1363 952 Met.
1382 895 1414 970 9,
1435 893 1507 958 571.

361 1001 438 1069 apter
459 989 592 1047 minister
618 989 763 1066 Tempora
784 1000 891 1048 noenu
912 989 978 1048 adit
991 992 1139 1071 traditque
1156 990 1283 1050 lountm
1296 993 1396 1057 verba.
1422 995 1506 1055 liert.

361 1091 393 1168 5,
412 1093 442 1167 6,
464 1095 493 1156 9.
536 1090 628 1148 Nosti
648 1100 681 1148 tu
702 1101 834 1169 tempora
853 1093 937 1150 Iovis
957 1096 1060 1157 sveni.
1098 1095 1379 1175 OEoedDinss,
1402 1099 1452 1173 16,
1475 1101 1506 1161 2.

362 1195 470 1274 Itaque
490 1194 517 1250 ei
534 1193 696 1270 praecepi,
721 1213 809 1272 quem
829 1193 874 1252 ad
892 1205 920 1290 te
940 1197 1028 1267 mesi,
1056 1209 1091 1255 ut
1118 1209 1233 1276 tempus
1254 1197 1421 1258 observaret
1440 1199 1505 1276 epi-

362 1295 455 1354 stolae
484 1293 539 1353 tibi
562 1294 738 1362 reddendae.
786 1295 871 1354 Nam
891 1296 1144 1375 quemadmodum
1166 1321 1287 1372 eoram,
1311 1301 1367 1381 qui
1387 1299 1433 1359 ad
1452 1319 1506 1358 noe

360 1399 561 1475 intempestiue
586 1397 720 1470 adwnt,
745 1397 861 1456 molesti
886 1419 973 1476 saepe
1001 1411 1087 1477 sunt,
1116 1404 1159 1460 sio
1185 1402 1325 1481 epistolae
1350 1401 1507 1484 offendunt

360 1521 422 1557 non
446 1499 510 1558 loeo
539 1499 682 1565 redditae.
728 1502 913 1581 Quapropter
933 1520 1052 1580 vereor,
1080 1521 1132 1580 ne,
1161 1507 1204 1568 uti
1233 1505 1328 1564 verbis
1351 1506 1379 1562 si
1400 1511 1507 1583 porr-et

360 1603 592 1678 nortmannus,
613 1605 654 1662 ua
666 1601 818 1661 nantem
834 1599 877 1686 (p.
893 1601 959 1684 os.)
978 1625 1005 1664 v.
1021 1603 1143 1662 vanus
1156 1607 1237 1665 nimis
1253 1607 1399 1683 terunt,
1419 1623 1503 1684 quun
1543 1587 1547 1608 '

358 1693 430 1766 liade
448 1725 525 1783 rem,
546 1711 579 1764 ut
600 1723 669 1764 suae
690 1705 726 1763 de
744 1705 834 1764 tribus
855 1705 934 1764 libris
954 1707 1105 1765 emminum
1125 1707 1211 1766 enitis
1233 1714 1262 1768 et
1283 1709 1356 1772 781.
1379 1711 1416 1767 ad
1429 1709 1502 1784 Aug.

358 1809 453 1870 missis
480 1809 660 1884 conjecturae
683 1808 907 1884 gratificaretur,
935 1809 972 1867 sd
1001 1806 1122 1884 Augusti
1150 1809 1297 1886 morbum,
1324 1831 1380 1888 quo
1401 1811 1448 1871 vel
1472 1812 1503 1871 in
1546 1851 1553 1857 ·

358 1912 497 1991 Hispania
517 1910 562 1968 vel
590 1909 677 1987 paulo
702 1916 771 1988 post
791 1910 899 1969 Romae
921 1916 1069 1988 correptus
1090 1909 1207 1986 fnisset,
1231 1912 1360 1972 referret.
1404 1911 1505 1991 Angu-

359 2019 433 2073 stum
464 2013 538 2071 enim
566 2029 652 2088 saepe
677 2012 798 2070 adverse
818 2010 978 2070 valetudine
1005 2015 1145 2070 tentetunr
1171 2031 1254 2088 esse,
1280 2013 1345 2090 qnis
1365 1995 1425 2090 est,
1455 2015 1503 2090 qni

356 2113 487 2176 nescisti
525 2113 609 2173 Coni.
633 2113 805 2171 Drumann.
833 2111 881 2169 IV.
908 2131 938 2190 p.
960 2114 1031 2176 287.
1063 2114 1103 2171 Et
1124 2114 1152 2171 iu
1180 2113 1284 2173 talibus
1312 2115 1503 2194 perspicuitss

355 2218 569 2294 humanitasque
590 2214 737 2293 scriptoris
758 2213 932 2293 spectanda,
959 2233 1017 2272 non
1037 2211 1153 2273 verbum
1170 2216 1209 2275 sd
1235 2215 1358 2293 lapidem
1381 2215 1503 2294 Lydium

356 2320 525 2397 exigendum
545 2318 666 2374 videtur.

440 2420 476 2478 V.
498 2415 529 2479 4.
553 2418 582 2482 5.
622 2416 672 2474 Ne
692 2416 790 2475 studio
813 2449 852 2460 --
875 2418 1027 2487 minister,
1049 2418 1068 2478 i.
1091 2437 1118 2476 e.
1139 2435 1198 2493 „ne
1217 2417 1303 2476 nimio
1323 2417 1353 2475 in
1373 2437 1419 2478 me
1439 2424 1502 2478 sttr-

355 2523 404 2580 dio
431 2520 565 2578 indecore
586 2520 675 2577 facies
696 2529 782 2596 stqne
803 2519 963 2596 importune
991 2525 1040 2577 tus
1060 2517 1211 2577 sedulitate
1237 2517 1360 2578 animum
1380 2521 1501 2599 Augusti

354 2643 373 2684 s
392 2622 463 2682 meis
483 2619 563 2680 libris
585 2619 739 2680 abalienes.
748 2621 769 2656 ‘⁴
812 2620 967 2679 Pereandi
984 2627 1078 2680 erstem
1097 2618 1214 2678 verbnm
1231 2619 1269 2678 nd
1288 2623 1317 2679 ei
1331 2633 1433 2699 poscet
1451 2643 1501 2684 re·

355 2723 513 2784 serendum.
561 2721 714 2780 Sedulitas
734 2733 854 2794 auum,
871 2722 960 2780 susle
981 2742 1068 2802 quern
1088 2721 1210 2800 deligit,
1229 2733 1333 2802 urget,
1354 2730 1386 2783 ut
1404 2725 1445 2783 sit
1466 2727 1499 2802 2,

354 2831 384 2905 1,
404 2827 476 2892 260.
499 2830 528 2883 et
549 2821 670 2898 Terent.
689 2823 792 2883 Hesnt.
811 2825 844 2903 3,
867 2827 897 2901 1,
917 2824 969 2888 31.
1017 2823 1179 2883 Vehemens
1196 2824 1230 2881 in
1249 2835 1405 2902 utramque
1419 2843 1499 2904 pur-

341 2931 432 3002 tem,
453 2926 642 3000 Menedrme,
666 2946 695 2983 es
716 2927 814 2991 nimis.
865 2928 1014 3004 Conjunge
1041 2928 1141 3004 igitur:
1165 2929 1304 3004 importes
1329 2947 1419 3006 opera
1446 2949 1499 2988 sre-

353 3033 486 3092 lemme
512 3029 572 3088 sed.
595 3030 677 3102 min;
706 3029 767 3091 ulii:
794 3027 914 3087 sedulus
934 3021 983 3107 op.
1003 3027 1069 3088 velt.
1093 3029 1226 3086 minister
1230 3051 1244 3101 ,·
1274 3028 1337 3087 ulii:
1368 3029 1498 3089 Sedulus

353 3140 513 3214 importes,
534 3154 583 3211 op.
608 3130 673 3192 vele.
696 3133 831 3190 minuerer
836 3154 849 3206 ;
871 3151 927 3208 qus
948 3132 1131 3190 distractione
1151 3135 1181 3190 et
1200 3131 1341 3191 sententis
1361 3137 1392 3190 et
1412 3132 1498 3192 serbe

351 3243 413 3297 arte
430 3239 528 3314 juncte
550 3236 653 3294 misere
674 3235 839 3305 turbentur3
866 3234 902 3291 ef.
927 3233 964 3292 R.
992 3232 1091 3292 Klots.
1116 3231 1137 3292 l.
1163 3230 1182 3290 l.
1209 3236 1238 3291 et
1264 3229 1369 3291 Dirnts.
1390 3253 1422 3312 p.
1444 3233 1495 3300 90,

350 3338 397 3398 De
423 3337 514 3396 verbo
539 3335 661 3394 sedulus
691 3336 838 3413 disputent
863 3333 1034 3394 Lambinus
1058 3339 1088 3394 et
1115 3331 1287 3392 Srlrmr'dius
1312 3333 1351 3393 sd
1373 3334 1402 3399 ln.
1424 3335 1495 3408 ise

352 3439 492 3498 Doederl.
513 3441 583 3515 Syn.
605 3417 680 3515 1.‘p.
705 3432 818 3514 122·*)

434 3625 462 3698 *)
476 3631 551 3684 Cere
565 3633 666 3694 autern,
688 3643 737 3690 ne,
759 3625 831 3696 quod
850 3623 982 3678 nonnullis
1003 3625 1102 3680 eccidit
1115 3644 1132 3679 ι
1147 3625 1252 3681 Klotzio
1265 3625 1294 3679 in
1307 3625 1397 3680 Nlbb.
1413 3620 1493 3680 1844.

350 3715 410 3771 xl..
423 3717 449 3770 1.
460 3732 488 3786 p.
496 3711 541 3770 74.
553 3719 628 3768 recte
639 3711 824 3782 reprehensis,
835 3712 956 3764 &duum
966 3727 1016 3780 pro
1027 3711 1132 3765 homine
1143 3717 1245 3765 tentum
1255 3709 1318 3781 agili
1328 3711 1371 3764 vel
1382 3715 1493 3765 aetuoso
1540 3725 1547 3732 ·

349 3803 466 3868 hebess3
480 3802 542 3872 ipse
555 3799 624 3855 enlm
638 3797 715 3852 verbi
730 3798 806 3867 origo
818 3795 963 3866 (se-dolo)
974 3797 1137 3850 voluntatem
1150 3797 1262 3851 indicet.
1294 3797 1378 3851 Recte
1389 3794 1493 3850 ierom

349 3888 444 3958 „velut
457 3889 563 3942 sedulus
577 3902 677 3955 egens,
696 3885 772 3954 qussi
787 3883 846 3935 sine
860 3881 931 3934 dolo.
940 3881 958 3910 ‘⁶
990 3881 1168 3936 Consentiunt
1182 3883 1286 3936 Nonius
1301 3884 1333 3949 1,
1348 3883 1420 3950 171,
1438 3882 1495 3936 Do·

347 3981 427 4030 nutus
443 3973 475 4027 sd
499 3975 616 4032 Terent.
639 3967 690 4024 nd.
704 3969 738 4038 8,
752 3968 786 4036 3,
802 3965 846 4021 59.
868 3965 953 4020 Andr.
968 3960 1001 4036 4,
1024 3969 1055 4035 1,
1077 3966 1111 4022 56
1125 3965 1197 4036 (59).
1220 3968 1326 4022 Phorm.
1342 3969 1374 4035 2,
1395 3961 1429 4037 4,
1450 3967 1495 4023 13.

346 4066 390 4118 Its
404 4059 463 4119 (lie.
479 4077 521 4129 pr.
543 4057 651 4112 Cseoln.
666 4051 699 4121 5,
715 4048 759 4108 14.
784 4051 949 4106 voluntarius
968 4051 1066 4106 omens
1084 4053 1215 4122 nsulkrie,
1236 4069 1293 4106 nou
1307 4052 1496 4109 emmer«

348 4149 453 4216 atiquo,
473 4146 520 4198 sed
526 4146 592 4214 fleto
607 4140 691 4212 officio
710 4139 886 4204 mulasque
899 4137 1039 4191 sedulitate
1054 4139 1222 4207 eonjunotus,
1242 4137 1330 4209 magt·
1342 4147 1494 4209 opporm

346 4249 429 4304 opero
442 4243 647 4296 nonnunptsm,
666 4209 746 4293 plone
757 4223 899 4292 uipemdo
907 4221 993 4290 fideli.
1020 4222 1096 4276 Geel.
1110 4239 1154 4292 sp.
1169 4222 1229 4276 Cio.
1244 4222 1279 4276 ed
1291 4221 1356 4278 niv.
1371 4225 1403 4292 Β,
1419 4225 1449 4291 1,
1465 4224 1493 4276 1.

347 4319 413 4370 doto
422 4332 505 4386 opero
514 4312 624 4383 pst-soi,
637 4309 682 4378 qui
689 4309 725 4362 sie
736 4308 825 4361 οπιπία
834 4313 1048 4378 persequeretur,
1067 4313 1098 4361 ut
1106 4323 1212 4377 uereor,
1226 4325 1261 4361 ns
1272 4307 1381 4362 nusum
1391 4315 1494 4377 αμα

347 4401 412 4454 lore
428 4399 555 4455 ‚Meae
568 4396 696 4449 vimmo.
728 4393 771 4446 De
788 4392 871 4446 verbo
890 4391 1052 4461 importandi
1061 4395 1200 4461 arguentur
1217 4392 1365 4448 Hoolsder·
1398 4391 1494 4446 otuu

348 4489 438 4538 sutem
450 4500 503 4536 non
517 4488 560 4536 est
576 4485 695 4534 nostrum
712 4477 901 4548 ,missgriff
917 4476 1046 4548 (Pseu),
1068 4493 1155 4549 neque
1171 4476 1279 4553 „Hard‘
1296 4479 1400 4549 (Voss,
1417 4475 1494 4534 tter-

346 4566 477 4644 11),κᾲ
497 4563 725 4636 ‚attenuere
747 4561 927 4634 „Uoffltrn‘t
