3490 5324
267 539 328 602 173
366 535 574 600 comitatui.
590 537 632 600 lN
646 537 1302 602 non.Lm.1.nrlsT.UNDnvlcEsm.
1344 531 1405 600 521

265 707 305 766 ita
325 711 357 765 ut
377 707 534 768 criticorum
552 713 661 782 sectae,
679 708 797 786 collegia
815 707 995 787 (,‚cliques“)
1015 705 1119 768 XXXV
1139 709 1193 768 illis
1212 708 1340 770 tribubus
1355 727 1407 788 po·

263 808 322 886 puli
337 807 455 869 Romani
473 817 679 888 comparentur.
716 811 917 868 Grammatiei
936 816 1027 870 nutem
1051 808 1151 886 (1.1).
1173 811 1227 888 78)
1250 817 1332 886 sunt,
1358 810 1407 886 qui

266 911 296 984 2,
320 914 349 987 1,
371 911 422 974 61.
445 917 474 970 et
495 931 512 969 a
534 911 673 972 Cicerone
688 911 794 992 (Epist.
812 913 848 972 ad
868 909 931 970 Dir.
947 913 979 986 9,
997 911 1046 985 10,
1066 909 1113 990 3.)
1134 913 1230 970 critici
1248 911 1407 991 (,‚Aesthe-

263 1013 354 1084 tiker,
375 1011 609 1092 Kunstricbter“)
631 1021 777 1072 vocantur.
812 1011 835 1071 li
855 1012 1027 1091 explicandis
1046 1015 1163 1074 maxime
1177 1014 1317 1076 veteribus
1337 1032 1407 1091 poe-

264 1116 301 1172 tis
321 1133 434 1193 operam
456 1121 593 1174 navanter
610 1116 646 1174 de
673 1116 742 1193 ipsis
763 1115 823 1174 iere
847 1115 1016 1174 sententiam
1037 1115 1182 1194 serebant,
1209 1135 1267 1195 quo
1288 1114 1407 1192 quisque

263 1215 326 1276 loco
346 1219 496 1295 ponendus
515 1223 605 1286 esset;
634 1221 807 1295 quapropter
827 1233 911 1293 qnam
932 1217 986 1274 vim
1006 1218 1036 1276 in
1055 1217 1156 1293 vulgus
1183 1223 1213 1276 et
1234 1215 1407 1296 plebeculam

262 1317 400 1377 literalem
420 1318 568 1379 habuerint
589 1324 619 1376 et
637 1337 721 1396 qnam
742 1336 800 1377 non
824 1320 927 1376 curarit
947 1317 1083 1377 Horatius
1105 1337 1201 1378 conum
1220 1319 1282 1379 lere
1301 1337 1334 1376 ac
1354 1333 1407 1395 pa·

264 1437 326 1477 rum
348 1426 505 1478 accuratum
535 1421 571 1479 de
592 1419 734 1479 veteribus
756 1424 786 1478 et
807 1421 968 1480 recentibus
989 1421 1084 1500 poetis
1104 1423 1253 1499 judicium,
1282 1440 1316 1480 ex
1339 1419 1406 1498 Epi·

265 1521 341 1581 stola
361 1527 392 1598 2,
414 1525 443 1585 1.
465 1520 547 1581 facile
567 1523 743 1600 perspicitur.
776 1521 845 1580 lnde
865 1522 947 1585 blant.
967 1525 1017 1602 10,
1038 1526 1090 1600 21,
1113 1524 1140 1588 5,
1162 1543 1234 1582 sane
1255 1541 1321 1580 mea
1338 1541 1407 1579 car-

265 1623 368 1694 mina,
391 1623 491 1696 Sexte,
511 1626 719 1702 grammaticis
734 1623 857 1701 placent
874 1635 900 1682 et
919 1627 982 1684 sinc
998 1629 1215 1705 grammicis.
1245 1625 1313 1684 Non
1328 1624 1406 1702 ipsos

263 1732 357 1784 autem
379 1726 601 1800 Grammaticos,
623 1728 675 1785 sed
696 1726 824 1785 bomines
844 1726 951 1788 altioris
975 1727 1120 1788 doctrinae
1139 1728 1267 1802 laudem,
1290 1723 1334 1784 vel
1351 1745 1406 1803 po·

263 1828 319 1886 tins
341 1828 464 1906 speciem
488 1847 558 1906 prae
579 1848 611 1887 se
629 1829 753 1888 terentes
776 1835 805 1887 et
823 1827 870 1887 illo
892 1831 1003 1890 nomine
1023 1837 1132 1889 tantum
1153 1829 1227 1888 salse
1247 1827 1406 1905 appellatos

263 1928 379 2006 intelligi
404 1929 463 1987 nult
492 1929 695 2008 Decringinr,
727 1931 778 1988 sed
804 1931 878 1990 coni.
911 1931 943 1994 0.
963 1933 1088 1990 Passer.
1116 1932 1155 1992 N.
1178 1932 1245 2004 13..
1270 1929 1406 2008 imprimis

265 2031 425 2088 Monsom's
445 2030 643 2106 „Vermisebte
658 2031 903 2109 Abbandlnngen“
923 2054 953 2111 p.
971 2033 1011 2096 tib
1026 2053 1090 2112 sqq.
1106 2033 1168 2110 96.
1189 2031 1245 2089 At.
1268 2029 1405 2090 Wittieh.

263 2133 293 2191 in
320 2131 421 2210 Progr.
445 2133 553 2193 lsenac.
577 2130 670 2196 1844.
693 2136 730 2193 de
762 2133 1046 2193 Grammatiatnrum
1074 2141 1103 2194 ct
1134 2133 1406 2192 Grammaticorum

263 2234 350 2312 apud
368 2235 522 2292 Romanos
539 2232 648 2291 scholis
667 2255 696 2314 p·
715 2237 735 2297 7
755 2255 818 2314 sqq.
840 2241 870 2296 et
889 2257 963 2315 quos
985 2235 1100 2297 laudant
1120 2237 1172 2298 Fr.
1199 2233 1302 2293 Gottlr.
1324 2234 1406 2292 frit-

263 2335 365 2394 aehins
392 2338 420 2396 in
447 2337 640 2396 Commentnt.
674 2337 711 2396 da
736 2339 850 2416 origine
876 2349 967 2419 atque
988 2339 1088 2398 indole
1108 2347 1406 2418 progymnasmatum

262 2437 397 2500 rhetorio.
420 2438 523 2498 Partic.
545 2439 567 2499 l.
591 2441 704 2500 Grimae
724 2440 815 2504 1839.
842 2461 871 2519 p.
895 2442 924 2504 8.
944 2442 984 2501 Ν.
1008 2442 1058 2504 11.
1080 2447 1110 2500 et
1140 2441 1184 2500 A.
1209 2439 1405 2500 Boumstarb.

264 2542 293 2600 in
308 2541 407 2618 Paulyi
425 2541 766 2622 „lieal·linc'yclopidie“
779 2541 828 2605 Ill.
848 2562 877 2620 p.
889 2541 952 2607 950
965 2561 1029 2621 sqq.
1057 2543 1096 2604 st
1111 2565 1162 2605 eos
1176 2563 1288 2624 quoque
1306 2550 1405 2602 taxan-

263 2643 317 2702 ‹los
339 2663 459 2720 censeo,
481 2644 529 2722 qui
548 2650 580 2703 ut
605 2644 753 2703 Gesnerun
770 2652 799 2704 et
816 2643 1009 2704 Scbiraclriue
1032 2647 1102 2706 viles
1121 2663 1272 2724 puerorum
1288 2645 1406 2704 ludima-

264 2745 370 2821 gistros
398 2745 461 2805 coll.
486 2747 539 2824 20,
566 2748 616 2809 17.
644 2746 690 2805 bic
716 2748 880 2805 odorantur.
925 2746 1033 2806 Pravae
1058 2747 1300 2825 interpretationis
1326 2745 1406 2824 quasi

263 2853 393 2905 auctores
410 2845 589 2924 Porphyrion
610 2854 640 2907 et
660 2847 777 2910 Auctar.
798 2847 986 2906 commentat.
1006 2852 1064 2906 vet.
1085 2848 1162 2924 apud
1182 2847 1269 2924 Cruq.
1291 2869 1320 2926 p.
1334 2847 1407 2912 694.

263 2953 346 3022 sunt,
380 2947 428 3024 qni
454 2951 691 3026 ‚grammaticas
719 2947 815 3006 tribua
841 2950 931 3028 ipsam
959 2947 1159 3026 discipulorum
1188 2946 1405 3020 multitudinem,

259 3049 383 3126 pulpito
402 3069 470 3108 vero
490 3052 568 3129 ipsos
588 3053 738 3128 magistros
761 3051 839 3109 dici“
859 3051 946 3128 ajunt.
981 3049 1068 3108 lmme
1084 3047 1209 3126 pulpito
1228 3049 1273 3108 bic
1293 3051 1406 3127 quidem

263 3152 506 3228 grammaticorum
527 3152 692 3230 cathedrae,
716 3172 733 3212 e
761 3153 863 3230 quibus
890 3155 1020 3230 poemata
1040 3156 1069 3209 et
1096 3151 1286 3210 recitabantur
1306 3160 1335 3213 et
1356 3171 1406 3214 cx·

263 3253 452 3332 plicabantur3
482 3254 540 3313 rid.
570 3254 675 3318 Rader.
703 3255 739 3313 ad
766 3253 850 3316 biart.
874 3258 903 3328 1,
926 3255 968 3318 63
989 3253 1076 3332 (77),
1107 3254 1155 3317 13.
1177 3252 1249 3312 Illic
1268 3253 1312 3334 (in
1329 3253 1406 3335 loro)

263 3376 335 3414 aera
356 3366 479 3414 conant.-
498 3367 533 3414 at
553 3358 664 3415 circum
677 3357 801 3435 pulpita
822 3367 924 3416 nostm
945 3357 987 3414 Et
1007 3354 1119 3414 eterno
1141 3355 1299 3416 cathedrae
1320 3355 1406 3416 born

262 3457 328 3516 sola
349 3468 481 3536 crepant.
515 3459 632 3528 Quintil.
653 3459 792 3537 instit,
815 3461 847 3538 3,
870 3461 940 3523 130.
961 3478 1055 3539 quum
1075 3458 1109 3515 in
1128 3470 1257 3538 anguste
1276 3459 1407 3539 quodam

259 3559 380 3637 popio
400 3569 484 3618 stunc
504 3561 619 3622 diceret.
649 3562 768 3620 Sueten.
788 3563 825 3621 de
844 3563 888 3622 lll.
911 3563 961 3622 Gr.
983 3559 1013 3625 4.
1033 3571 1130 3638 repeto
1147 3562 1297 3640 quendum
1313 3565 1407 3622 Prin-

265 3665 359 3741 cipem
372 3665 491 3721 nomine
509 3695 544 3706 -
557 3673 626 3741 post
640 3663 790 3722 meridiem
805 3673 913 3721 remoto
922 3663 1043 3743 pulpito
1057 3663 1224 3722 declamare
1235 3663 1354 3724 solitum
1365 3663 1406 3746 1).

264 3763 308 3825 De
322 3765 403 3824 simili
416 3765 495 3825 verbi
508 3764 662 3823 ambiendi
674 3785 726 3824 usu
743 3768 779 3829 ef.
795 3763 888 3826 Tacit.
908 3763 981 3826 Dial.
993 3768 1023 3829 9.
1041 3787 1149 3846 rogare
1161 3767 1239 3826 ultro
1254 3779 1282 3827 et
1294 3767 1407 3828 ambire

266 3880 406 3946 cogotcrr,
428 3879 462 3926 ut
480 3869 540 3926 emt
561 3871 614 3948 qui
626 3871 788 3946 dignentur
807 3867 929 3926 ambire.
966 3845 1023 3937 Q'ui
1038 3869 1067 3927 in
1087 3867 1137 3927 illo
1158 3871 1244 3929 verbo
1266 3891 1324 3932 non
1344 3879 1406 3932 slu-

266 3968 340 4028 dium
360 3971 497 4031 benevola
525 3973 658 4051 captandi
677 3971 812 4050 suffragia
840 3973 961 4030 virorum
987 3971 1177 4046 eruditorum,
1206 3972 1258 4030 sed
1279 3979 1406 4050 optatum

265 4071 374 4149 vident,
401 4078 431 4131 nt
451 4075 623 4152 grammatici
649 4075 667 4133 i.
695 4093 719 4132 e.
746 4073 932 4151 ludimagistri
958 4074 1129 4133 Horatianos
1152 4073 1238 4132 libros
1262 4073 1407 4152 discipulis

266 4173 434 4234 ediscendus
460 4196 621 4256 proponere
643 4177 743 4254 velint,
770 4175 956 4237 deliramenta
979 4195 1083 4255 pravae
1109 4175 1249 4256 opinionis
1275 4177 1404 4237 fundunt.

267 4275 351 4336 Conf.
373 4277 405 4353 15
424 4281 455 4353 2,
474 4279 544 4342 103.

350 4490 379 4569 *)
405 4497 557 4556 Tarracius
568 4503 672 4572 pulpito
690 4506 732 4558 bie
746 4523 795 4574 pro
812 4504 945 4562 auditorio
962 4506 1085 4580 accipere
1103 4505 1217 4576 mavult,
1238 4511 1404 4579 pertempto

265 4591 338 4652 tet03
355 4583 402 4641 aad
412 4586 482 4643 noni.
499 4586 637 4644 tritonem
650 4587 669 4646 l.
680 4589 698 4644 l.
713 4609 740 4661 p.
750 4590 793 4645 98.
