3430 5324
631 1652 1272 1768 COMMENTARII

929 1917 976 1970 IN

379 2115 575 2190 uonnnu
595 2117 732 2190 mur.
769 2117 1040 2192 nnsuonruu
1058 2115 1274 2212 nnuman
1291 2113 1523 2190 nnuman.

835 2396 1052 2408 ‚—.--—-

379 2583 465 2678 Hoc
486 2619 589 2679 bellum
609 2621 781 2701 Epistolium
801 2643 896 2682 merus
920 2623 1024 2699 ingeni
1045 2623 1193 2683 Horatiani
1218 2621 1296 2684 lusus
1316 2621 1426 2683 videtur
1450 2641 1525 2682 esse.

380 2718 506 2781 Tantum
528 2723 601 2782 enim
622 2724 728 2802 abluit,
755 2732 787 2785 ut
807 2725 898 2784 Poeta
921 2727 1028 2805 scripta
1049 2745 1099 2786 sus
1119 2727 1248 2802 cuiquam
1268 2726 1399 2784 recitaret
1420 2723 1525 2782 Gram-

380 2825 601 2902 maticorumque
626 2829 752 2886 favorem
774 2827 944 2906 laudemque
965 2834 1095 2907 captaret
1119 2827 1194 2904 (Sat.
1219 2829 1247 2898 1,
1269 2825 1301 2902 4,
1322 2826 1373 2890 23.
1395 2825 1448 2888 78.
1472 2825 1524 2900 10,

381 2927 432 2988 76.
468 2926 562 3005 Epist
587 2931 616 3004 1,
640 2928 690 3003 19,
711 2925 779 3011 40),
800 2937 832 2988 ut
853 2949 922 3008 quas
951 2949 1042 3008 nugas
1063 2930 1215 2988 meditatus
1236 2934 1329 3004 esset,
1355 2929 1390 2986 iis
1410 2928 1524 3006 pondus

381 3029 489 3088 addere
508 3030 605 3089 nollet.
647 3030 749 3108 Neque
774 3039 868 3092 tamen
889 3034 982 3092 facere
1004 3033 1117 3111 potuit,
1139 3033 1298 3108 quinquae
1319 3029 1426 3088 luserat
1446 3029 1524 3088 Joris

372 3131 495 3189 auribus
519 3137 644 3190 sanaret
669 3129 736 3210 (19,
760 3131 834 3215 43),
857 3137 934 3214 quod
961 3155 1045 3214 quam
1071 3134 1231 3192 verecunde
1262 3133 1299 3190 sit
1328 3132 1433 3189 sactum
1457 3131 1525 3190 haec

380 3233 444 3309 ipsa
462 3231 592 3310 Epistola
613 3233 746 3293 declarat.
791 3233 886 3296 Finxit
909 3237 996 3316 igitur
1025 3235 1174 3318 epistolam
1194 3239 1293 3312 utpote
1319 3231 1357 3290 ad
1383 3232 1524 3306 Vinnium,

382 3333 517 3391 Sabinum
543 3335 700 3411 quendam,
730 3334 841 3413 damin,
873 3338 917 3396 cui
941 3339 978 3394 ad
1001 3335 1162 3415 Augustum
1185 3336 1348 3415 profecturo
1374 3333 1525 3411 diligenter

382 3437 547 3514 praecepit,
562 3445 608 3514 ,ut
624 3437 653 3495 in
675 3437 820 3496 tradendis
842 3437 919 3496 libris
941 3439 1000 3496 suis
1022 3445 1052 3498 et
1072 3439 1209 3517 temporis
1226 3445 1255 3497 et
1272 3436 1368 3495 decori
1388 3437 1526 3496 rationem

382 3535 517 3618 haberet,
548 3557 585 3597 ne
608 3539 694 3598 nimia
720 3540 813 3598 sudio
842 3559 912 3618 erga
938 3541 1031 3618 ipsum
1059 3541 1189 3618 profecta
1216 3537 1367 3598 sedulitate
1394 3542 1527 3616 peccaret

382 3635 511 3716 libroque
528 3641 624 3699 odium
638 3641 783 3703 conflaret.
818 3639 936 3701 locatur
949 3648 1042 3701 autem
1056 3644 1085 3700 in
1103 3641 1223 3700 hominis
1245 3640 1431 3718 cognomine,
1452 3657 1526 3715 quae

278 3799 284 3812 ,
383 3741 498 3820 quidem
521 3740 665 3800 cucullatio
692 3761 786 3820 neque
816 3743 936 3821 antiquis
963 3742 1121 3802 hominibus
1145 3761 1237 3820 neque
1265 3740 1384 3803 Horatio
1409 3739 1528 3817 indigna

382 3841 481 3903 haberi
502 3846 597 3905 debet.
642 3843 733 3912 Quam
751 3843 856 3904 urbane
874 3845 1008 3904 Horatius
1029 3847 1058 3903 in
1080 3846 1156 3902 omni
1176 3865 1208 3904 re
1230 3850 1359 3903 versatus
1383 3841 1438 3918 sit,
1463 3841 1528 3921 ple-

383 3947 448 4006 nius
468 3947 640 4026 perspicies,
662 3947 790 4006 sisimile
805 3952 1018 4024 argumentum,
1039 3953 1071 4005 ut
1086 3944 1154 4004 Tib.
1172 3944 1205 4021 3,
1221 3948 1250 4008 1.
1271 3943 1372 4004 Catull.
1389 3946 1418 4006 1.
1442 3944 1527 4003 oud.

384 4049 476 4112 Trist.
495 4052 525 4127 1,
549 4053 577 4113 1.
600 4069 634 4110 ex
652 4047 736 4108 Pont
755 4045 786 4124 4,
805 4049 834 4111 5.
854 4049 939 4108 Mart.
961 4048 993 4124 5,
1013 4052 1042 4111 6.
1065 4050 1097 4126 9,
1117 4040 1201 4124 100,
1220 4067 1283 4106 cum
1296 4047 1351 4106 hoc
1365 4044 1526 4105 contuleris.

468 4149 622 4228 ingeniosa
648 4168 808 4229 quanquam
837 4149 987 4208 Schmidii
1012 4151 1050 4208 ad
1074 4149 1166 4228 Epist.
1188 4153 1218 4226 2,
1242 4149 1272 4227 1,
1293 4149 1365 4214 220.
1392 4154 1437 4207 est
1458 4165 1527 4204 con-

382 4256 509 4331 jectura,
531 4272 586 4331 qua
604 4253 740 4313 Horatius
761 4251 792 4309 id
812 4252 906 4328 egisse
919 4251 1116 4326 'existimatum
1136 4257 1169 4310 ut
1184 4253 1337 4332 scriptores
1354 4250 1428 4309 male
1441 4248 1527 4307 sedu-
1546 4293 1558 4302 .

385 4353 430 4415 los
450 4357 487 4416 ab
505 4355 666 4433 importuno
687 4353 724 4412 ad
746 4352 904 4430 Augustum
923 4353 1003 4413 aditu
1022 4360 1148 4431 arceret,
1170 4361 1265 4413 tamen
1280 4353 1352 4414 hanc
1368 4348 1527 4430 Epistulam

387 4452 521 4532 imprimis
549 4476 601 4516 sua
622 4455 745 4515 carmina
771 4455 986 4514 commendandi
1015 4473 1116 4533 causa,
1137 4475 1224 4535 porro
1248 4473 1307 4516 non
1334 4458 1393 4511 tam
1419 4450 1528 4526 Vinnii,

387 4555 467 4629 cmm
487 4577 589 4619 nomen
614 4559 643 4617 in
665 4557 760 4617 sronte
785 4557 874 4635 gerit,
902 4559 955 4618 aed
982 4555 1104 4635 Augusti
1124 4557 1216 4635 gratia
1241 4557 1374 4636 scriptam
1402 4553 1528 4616 dixerim.
