3430 5324
355 459 398 522 96
441 455 728 521 continuum!
750 459 793 518 lu·
815 457 980 520 HouATu
1003 459 1076 522 LlB.
1097 459 1119 520 l.
1143 459 1266 522 suist.
1285 461 1432 523 Utinm
1473 465 1514 528 06

354 655 426 708 stae.
471 647 566 706 Totos
593 653 688 706 eutem
715 647 793 706 locus
811 647 841 724 *)
872 669 889 706 a
918 648 1010 707 Poeta
1036 655 1174 707 trecens
1202 648 1264 706 hae
1283 653 1393 727 concipi
1419 643 1515 728 potest

354 749 488 807 formula:

440 851 556 928 „Homo
580 859 656 908 reete
687 851 859 910 constitutus
889 853 1019 912 omnibus
1048 854 1117 910 loeis
1145 853 1189 910 sel
1217 854 1420 912 desertissimis
1442 855 1515 914 betrui

354 957 450 1012 rivere
480 959 589 1030 potest.
632 951 759 1011 Proinde
787 954 1010 1030 demigrationes
1038 963 1065 1012 et
1094 955 1339 1032 peregrinationes
1364 954 1401 1012 ed
1425 958 1514 1014 enimi

355 1057 548 1115 morositatem
564 1054 609 1111 vel
631 1056 875 1115 incommodorum
895 1057 1037 1134 quendem
1060 1057 1224 1115 memoriam
1246 1055 1441 1132 depellendam
1463 1060 1513 1114 sui

354 1165 469 1236 sceptue
488 1158 675 1235 nequicquam
695 1159 904 1236 suscipiuntur,
924 1160 948 1216 si
969 1159 1051 1217 nobis
1073 1160 1155 1217 deest
1177 1177 1260 1218 verus
1281 1158 1343 1216 viae
1366 1158 1432 1234 dux,
1449 1161 1513 1216 eni·

353 1281 415 1320 mus
433 1261 575 1335 aequus.“

438 1360 515 1431 Quid
535 1367 631 1419 eutem
652 1364 680 1419 in
701 1364 782 1438 ipsos
796 1361 911 1418 Bullatii
932 1381 1026 1420 mores
1047 1363 1140 1436 cedat,
1163 1369 1255 1420 utrum
1277 1362 1362 1420 homo
1381 1381 1513 1425 morosus

353 1475 381 1526 et
402 1485 433 1523 re
456 1482 508 1522 sue
529 1481 586 1520 non
608 1469 758 1522 contentus
779 1464 865 1522 fuerit
885 1482 937 1520 nec
958 1483 1005 1538 ue,
1027 1481 1061 1522 ex
1079 1465 1248 1522 tractatione
1264 1462 1331 1520 talis
1352 1467 1512 1540 arguenti

352 1568 426 1628 effici
453 1565 562 1640 nequit.
606 1553 762 1624 Bulletium‘
789 1549 864 1623 enim
895 1564 987 1642 ipsum
1019 1565 1072 1622 soli
1102 1573 1228 1642 tangere
1250 1565 1382 1623 videntur
1412 1586 1511 1626 versus

354 1669 467 1738 1-73
497 1663 628 1724 versibus
658 1685 740 1742 seqq.
763 1665 901 1724 Horatius
928 1667 965 1723 ed
980 1673 1160 1744 praecepta,
1193 1685 1268 1744 qoee
1292 1665 1378 1726 latius
1400 1674 1510 1745 petent,

351 1768 508 1830 descendit
551 1767 735 1845 Quapropter
754 1786 812 1826 non
833 1768 975 1827 assentior
1000 1767 1132 1844 Oreitai),
1166 1789 1253 1846 quum
1273 1767 1395 1827 Pontem
1412 1769 1508 1828 Butae

351 1875 420 1931 tium
437 1869 538 1928 morbo
556 1868 682 1944 quodem
698 1871 899 1948 peregrinandi
920 1869 1056 1928 affectum
1077 1872 1167 1929 amice
1186 1873 1223 1928 ed
1246 1870 1448 1948 sapientiorem
1466 1871 1511 1928 vi·-

351 1983 397 2034 tee
422 1989 504 2031 usum
526 1969 709 2030 adhortatum
731 1991 796 2032 esse
821 1974 901 2032 etin
922 1971 1019 2030 urbem
1041 1971 1078 2029 ed
1101 1991 1168 2030 suos
1193 1989 1341 2031 revocasse
1363 1971 1510 2048 opinetur:

351 2078 409 2146 Qui
429 2079 524 2133 sutem
544 2071 598 2130 hac
619 2077 719 2131 nostre
741 2076 938 2154 explanatione
959 2072 1087 2131 offensus
1100 2073 1255 2148 Bullatium
1273 2071 1350 2130 illum
1364 2089 1510 2134 morosum

350 2185 379 2240 et
398 2175 586 2253 castigatione
606 2173 682 2231 haud
703 2175 851 2252 iudignum
872 2173 962 2252 (conf.
985 2172 1176 2234 Cemmentnt.
1197 2175 1410 2251 ereusugiens.
1431 2175 1511 2254 apud

350 2281 440 2340 Orell.
458 2298 489 2356 p.
509 2274 602 2354 401.)
623 2273 677 2332 sibi
700 2275 772 2353 eripi
793 2292 880 2353 segre
901 2276 974 2349 lert,
998 2275 1024 2334 ei
1046 2273 1194 2335 offmende
1209 2283 1276 2336 scint
1295 2276 1446 2336 novissimi
1464 2283 1510 2336 tn·

349 2385 417 2442 lium
433 2397 527 2438 rerum
548 2377 750 2436 existimatoris
765 2377 879 2455 placite.
926 2376 1177 2436 chhenaerrics
1196 2379 1270 2438 enim
1286 2377 1310 2436 I.
1327 2397 1358 2457 p.
1373 2374 1445 2440 469.
1463 2378 1509 2438 ine·

348 2492 394 2544 ter
414 2481 471 2540 elie
487 2480 530 2537 sic
551 2478 692 2556 disputet:
724 2477 805 2538 C’est
826 2497 891 2538 vers
912 2499 945 2538 ce
965 2485 1059 2559 temps
1079 2479 1129 2560 (A.
1152 2481 1188 2540 de
1209 2479 1245 2540 11.
1264 2481 1354 2559 725.)
1374 2485 1405 2539 et
1423 2482 1511 2559 apres

349 2588 376 2646 le
397 2587 496 2644 retour
514 2578 656 2640 d’Oeteue
678 2578 770 2638 Cdsar
791 2581 809 2638 1
827 2580 938 2656 Rome,
965 2586 996 2641 et
1017 2600 1070 2640 son
1090 2581 1250 2659 triomphe,
1277 2599 1334 2656 que
1355 2583 1399 2640 sut
1420 2583 1510 2642 terite

433 2823 466 2894 *)
488 2821 575 2887 Quum
598 2815 727 2876 1)ιῖ11111.
754 2839 781 2891 p·
807 2815 869 2876 2³4.
889 2823 967 2892 hujus
989 2821 1131 2892 Epistolse
1152 2822 1229 2893 qussi
1248 2827 1330 2893 ceput
1350 2839 1410 2875 esse
1432 2822 1506 2875 vult:

347 2913 428 2983 „Iler
446 2907 637 2964 iussereltein
659 2907 864 2977 derGegend,“
884 2909 923 2962 ist
943 2909 988 2962 die
1013 2908 1077 2962 ldee
1097 2909 1147 2961 cles
1166 2909 1288 2976 Geuseu,
1312 2908 1403 2977 „kaim
1425 2907 1506 2962 ellein

348 2999 424 3053 nicht
437 2993 575 3066 gliicklicls
585 2992 739 3057 mschen;⁴‘
776 2993 854 3046 diets
882 2994 947 3048 Ides
975 2993 1045 3062 liegt
1068 2994 1098 3046 in
1125 2995 1176 3046 der
1195 2993 1283 3048 Mitte
1301 2995 1352 3048 des
1369 2993 1511 3068 Gedichts

347 3083 574 3154 susgesprochen.
617 3078 749 3134 Bulletius
771 3079 848 3132 hatte
869 3079 928 3135 sich
949 3080 1034 3135 durch
1061 3079 1156 3132 diesen
1177 3079 1245 3135 Rois
1271 3079 1434 3148 bewiltigeu
1452 3081 1507 3135 las·

348 3189 413 3236 sen,
435 3187 465 3222 so
487 3169 550 3220 dass
570 3183 601 3219 cr
620 3164 686 3216 elles
707 3165 815 3218 Audere
836 3165 953 3228 darriber
974 3181 1120 3232 vergesseu
1142 3165 1219 3218 hatte
1227 3163 1244 3192 “
1268 3169 1337 3232 etc,
1358 3181 1403 3217 res
1425 3163 1509 3218 altius

347 3249 497 3323 repetenda
516 3258 568 3303 est.
601 3249 688 3302 Poeta
708 3248 938 3318 heucEpistolem
961 3251 1036 3319 quesi
1057 3249 1192 3319 speculum
1213 3246 1364 3319 proposuit,
1385 3247 1414 3302 iu
1435 3246 1507 3322 quod

348 3355 395 3391 eos
420 3334 520 3389 intueri
541 3333 638 3398 vellet,
673 3332 734 3402 qni,
775 3349 924 3404 quenquam
948 3335 1035 3387 omnic
1055 3333 1202 3405 tranquille
1225 3341 1306 3404 etque
1330 3341 1430 3404 pecata
1450 3326 1508 3388 tum

348 3429 443 3489 erent,
471 3433 558 3474 renim
585 3430 690 3472 merum
710 3417 865 3472 confilioue
885 3435 978 3490 perum
995 3420 1117 3473 conteuti
1138 3421 1248 3472 Romen
1268 3419 1314 3473 vel
1334 3419 1440 3474 ltsliern
1462 3436 1510 3473 re··

346 3506 504 3578 liuqsebeut
518 3507 548 3558 iu
566 3503 721 3574 peregrinis
740 3503 824 3556 terris
837 3506 935 3559 sedern
955 3505 1114 3575 quaesituri.
1153 3505 1186 3558 Id
1206 3503 1357 3559 ficientium
1377 3508 1510 3576 potsunt

347 3593 411 3661 elii,
444 3595 477 3644 ut
500 3596 564 3644 suut
584 3589 694 3660 ingenia
714 3587 859 3657 hominum,
885 3590 1034 3660 exemplum
1054 3590 1142 3646 secuti
1162 3590 1280 3644 uirorum
1301 3591 1509 3652 eluissunorun

346 3681 375 3732 in
395 3675 516 3738 exsilium
536 3673 713 3730 voluntarium
735 3673 797 3728 olim
815 3675 1009 3746 protectorum,
1031 3683 1062 3730 nt
1082 3674 1187 3730 Metelli
1206 3675 1344 3732 Numidici
1364 3675 1439 3746 (Liv.
1455 3676 1505 3733 Fr.

346 3764 413 3833 69.)‚
438 3759 562 3817 Marcelli
583 3761 655 3830 (Cic.
678 3759 732 3830 up.
755 3759 790 3813 sd
815 3759 878 3814 niv.
900 3757 929 3828 4,
951 3761 1001 3832 8.),
1028 3761 1061 3816 G.
1084 3759 1165 3814 Mutii
1190 3759 1243 3826 (ib.
1268 3763 1311 3830 11,
1334 3759 1402 3826 tt),
1424 3759 1505 3814 Bruti

229 3833 237 3850 ⁸
345 3849 469 3918 (11.11,
503 3845 544 3917 1.)
573 3849 601 3898 et
627 3845 818 3917 quodammodo
843 3845 981 3918 Agrippae
1006 3845 1073 3916 (Dio
1096 3845 1172 3898 Cass.
1197 3843 1247 3911 53,
1279 3847 1356 3917 32),
1392 3843 1522 3898 eliorum'

345 3935 396 4003 (ci.
417 3933 527 3987 Mitsclr.
551 3935 579 3984 st
600 3927 687 3985 orell.
708 3930 743 3984 sd
763 3931 819 3985 Od.
840 3920 866 3999 1,
888 3931 941 4000 7.),
962 3930 1008 3984 ulii
1029 3929 1142 4001 quedem
1163 3929 1242 3984 enimi
1263 3929 1420 3984 morositate
1441 3948 1506 4000 per-

344 4018 424 4087 moti,
463 4017 527 4086 slii,
562 4015 682 4072 homiues
706 4015 866 4086 pmeeutim
890 4035 926 4071 ex
949 4015 1076 4086 'equestri
1100 4015 1194 4070 ordine
1209 4013 1360 4083 oriundis
1376 4023 1509 4087 quoestrre

345 4123 441 4172 cause,
466 4102 486 4158 i.
510 4121 534 4160 e.
556 4107 588 4155 ut
607 4101 692 4159 Rome
709 4100 820 4166 relicte,
840 4101 888 4155 ubi
904 4119 995 4156 eorum
1017 4119 1102 4173 opero
1120 4100 1254 4157 illustrior
1275 4116 1337 4156 esse
1357 4102 1507 4172 potuisset,¹

345 4191 453 4260 publica
473 4190 531 4243 iere
557 4185 747 4240 conducerent.
788 4184 919 4241 Horatius
941 4203 1104 4258 quenquam,
1146 4186 1266 4256 quidde
1295 4185 1396 4240 talibus
1420 4186 1509 4253 demin

345 4271 515 4350 grationibus
535 4270 702 4325 sentiendum
727 4274 815 4336 esset,
854 4288 920 4323 vere
946 4271 1069 4339 edocuit,
1110 4275 1199 4325 temen
1224 4273 1340 4365 popthac
1365 4269 1509 4349 Tiberium

344 4357 429 4424 ipsum
456 4357 543 4412 invito
564 4350 664 4409 vitrico
684 4350 806 4406 Rhodum
827 4355 997 4409 secedentem
1022 4355 1152 4410 videmus.
1197 4339 1275 4409 Suet.
1298 4355 1362 4408 Tib.
1383 4357 1427 4408 10.
1469 4337 1509 4409 Ῐὴ

345 4439 470 4507 promptu
497 4447 600 4496 autem
609 4447 667 4508 est,
696 4437 930 4508 peregrinationes
955 4452 988 4496 ex
1010 4441 1098 4495 enimi·
1113 4439 1263 4496 mobilitate
1283 4444 1423 4510 susceptus
1447 4441 1511 4495 noir·

344 4523 458 4576 eselnd.
500 4520 904 4592 consenescente.
1000 4549 1002 4556 ·
1078 4542 1138 4575 .··ι
1220 4535 1272 4596 ὶιι·
