3372 5328
364 472 427 540 186
468 473 844 538 comm-[Moli.
860 472 937 534 LlB.
952 473 977 536 1.
1013 470 1422 536 66166666666616.
1465 477 1507 540 26

363 665 402 724 od
417 661 504 726 Attio.
525 662 557 738 9,
580 663 630 731 11.
653 667 683 722 et
704 661 842 722 066611.
864 661 902 720 G.
926 662 958 739 7,
980 661 1031 726 26.
1056 660 1095 718 66
1116 677 1199 736 quern
1220 659 1315 720 locum
1333 659 1373 719 cf.
1391 659 1510 739 Herzog

363 773 394 830 ct
414 767 534 846 Rupert.
555 765 593 824 66
613 760 677 822 Liv.
699 761 737 839 9,
760 764 815 838 16,
837 763 868 828 3.

446 869 481 928 V.
507 868 556 932 19.
596 863 700 936 Vade,
728 863 796 924 vole
816 884 851 926 ex
872 863 992 926 formula
1012 861 1170 922 discedenti
1195 859 1316 922 salntem
1336 865 1510 942 apprecandi

364 976 395 1030 nt
415 969 492 1048 apud
514 968 660 1042 Graecos,
681 965 781 1046 Eorip.
806 966 886 1028 Med.
907 963 981 1032 761.
1002 964 1116 1046 χαίρων
1135 958 1280 1046 nepesino.
1298 963 1416 1028 fetoso.
1437 967 1510 1031 986.

364 1070 488 1151 1161666
516 1062 571 1131 ta’.
600 1062 637 1132 66
667 1063 725 1150 yslo
756 1071 817 1132 666
846 1090 882 1147 pr
911 1069 959 1130 δεῖ
985 1058 1216 1146 666666μᾶ666,
1244 1086 1317 1144 quor
1338 1067 1418 1130 16666
1444 1069 1510 1128 6611.

361 1171 462 1232 nont.
483 1171 522 1230 ad
542 1171 639 1250 Eurip.
661 1169 777 1250 Hippol.
802 1168 884 1234 1438
907 1168 948 1248 (p.
970 1171 1030 1232 166
1052 1171 1099 1230 66.
1117 1167 1225 1248 Lim),
1239 1168 1411 1230 Schmidr'uo
1428 1191 1510 1232 com·

361 1273 481 1352 paravit.
503 1271 588 1330 Conf.
607 1271 735 1330 Erimon.
753 1272 789 1332 de
808 1271 992 1344 11666618,
1013 1271 1064 1333 67.
1079 1301 1116 1316 -·
1133 1290 1221 1345 cave,
1244 1290 1282 1328 66
1297 1271 1404 1332 waben
1419 1293 1509 1332 mner-

360 1374 492 1454 dntoqur
504 1373 642 1452 frangas
651 1415 663 1444 ,
684 1374 702 1430 1.
725 1392 751 1432 6.
773 1379 849 1437 tecta
868 1373 1012 1434 sententia
1031 1391 1130 1450 „cara
1147 1391 1202 1448 ae,
1223 1375 1299 1449 quod
1317 1375 1413 1438 asellis
1439 1397 1510 1436 onn-

359 1479 413 1538 rtis
428 1477 558 1540 accidere
572 1474 663 1550 solet,
685 1473 799 1534 vacilles
807 1471 836 1554 *)
853 1483 883 1536 et
900 1475 1035 1536 librorum
1048 1474 1146 1537 thecas
1160 1473 1205 1534 rel
1219 1474 1364 1538 involucra
1377 1477 1509 1540 uednf‘

359 1581 407 1642 Ne
429 1581 498 1658 quid
519 1579 608 1640 dicam
627 1578 664 1637 66
683 1579 889 1660 consuetudine
912 1577 1070 1640 Horatiana
1096 1578 1125 1640 in
1151 1577 1344 1655 Epistularum
1365 1579 1508 1658 clausulis,

359 1702 417 1762 qua
434 1683 498 1742 fieri
517 1682 627 1760 potnit,
645 1679 729 1756 nugis
751 1682 809 1744 suis
828 1681 959 1742 festivum
976 1678 1102 1739 addendi
1118 1680 1248 1757 pondus,
1269 1699 1343 1740 nere
1361 1681 1398 1740 de
1421 1687 1508 1750 meto,

358 1805 395 1846 ne
416 1785 537 1844 nominis
560 1782 717 1860 δυσφημίαι
736 1789 839 1842 eventu
858 1780 1073 1860 comprobetur,
1095 1780 1126 1840 id
1147 1781 1225 1856 qnod
1245 1779 1391 1858 Augusto,
1412 1781 1509 1840 talium

359 1907 454 1946 rerum
481 1887 591 1946 curioso
621 1881 755 1960 (Sueton.
777 1883 850 1963 Aug.
874 1882 940 1962 92.)
966 1885 1054 1944 rtaum
1080 1901 1195 1942 morere
1218 1881 1333 1958 debuit,
1361 1883 1439 1942 illam
1460 1901 1508 1942 ex·

358 1990 540 2070 plicationem
559 1986 687 2067 postulet
708 1988 799 2048 omnis
818 1985 1020 2048 sententiarum
1033 1983 1219 2062 ambiguitns,
1240 1967 1352 2062 flagitat
1367 1985 1509 2046 luculenta

356 2091 478 2152 nominis
507 2089 624 2146 Asinae
675 2089 872 2168 interpretatio
903 2107 956 2167 per
983 2093 1072 2148 totam
1099 2087 1160 2146 sere
1184 2086 1342 2164 Epistolam
1368 2086 1508 2164 aequabili

357 2193 480 2272 quadam
506 2191 682 2254 cavillatione
709 2191 814 2254 6111666
830 2197 870 2277 ¹et
893 2191 961 2266 joon
988 2189 1066 2248 hilari
1095 2191 1220 2248 condita.
1269 2188 1344 2248 11166
1369 2189 1505 2260 sarcinae,

358 2293 494 2370 clitellae,
514 2295 611 2369 serus,
636 2295 682 2352 616
702 2313 755 2373 per
774 2293 882 2370 clivos,
902 2291 1031 2365 flumina,
1054 2291 1160 2367 166666,
1188 2311 1260 2350 onus
1278 2290 1399 2348 serendo
1421 2294 1506 2350 sudor

357 2413 525 2472 expressus,
555 2395 698 2454 vacillatio
720 2401 749 2456 et
770 2414 865 2454 rerum
892 2399 1068 2472 portaturum
1096 2393 1195 2454 laesio.
1241 2392 1339 2452 Sensit
1359 2391 1413 2450 hoc
1433 2391 1505 2450 Por-

356 2494 493 2574 phyrion,
526 2512 613 2571 quum
632 2496 800 2576 explicaret:
829 2495 990 2573 „mandata
1008 2513 1082 2554 nunc
1103 2495 1280 2575 participium
1301 2500 1347 2552 est
1357 2487 1421 2568 1111),
1448 2511 1506 2552 666

356 2616 470 2658 nomen.
518 2595 660 2678 Plangere
687 2605 782 2660 autem
807 2597 896 2672 bene,
923 2595 1005 2674 quari
1032 2597 1123 2656 66166.
1170 2597 1211 2655 111
1234 2615 1338 2676 supra:
1370 2595 1504 2654 Clitellas

350 2697 439 2776 ferm
459 2699 651 2778 impingae.“
698 2702 857 2760 Senserunt
875 2705 989 2778 praeter
1008 2697 1122 2758 Rodell.
1145 2703 1175 2758 et
1195 2697 1223 2756 J.
1245 2697 1413 2758 Merkelium
1432 2697 1504 2754 Bri-

357 2802 499 2860 16661666
505 2845 517 2874 ,
547 2801 678 2862 Botlu'rn
705 2805 743 2862 66
764 2804 874 2877 aeon,
902 2801 1086 2878 Doerr'ngc'us
1109 2801 1284 2878 (quanquam
1311 2799 1384 2858 male
1410 2799 1503 2858 addit:

354 2905 521 2983 „quianon
542 2923 626 2978 raro,
653 2904 702 2981 qui
722 2904 861 2980 titubent,
881 2904 971 2981 pedes
992 2903 1124 2978 frangere
1147 2900 1293 2980 solent“)‚
1322 2898 1503 2959 6116666-

354 3009 419 3066 circe
440 3013 480 3086 (p.
507 3008 568 3072 173
580 3039 621 3052 -
633 3005 696 3080 74).
732 3005 822 3065 Miror
844 3007 929 3085 igitur
951 3003 1101 3064 Drlntnerc'
1124 3011 1153 3063 et
1173 2999 1402 3080 Dillrnburgeri
1421 3003 1502 3080 (quos

360 3108 509 3168 Orellium
530 3110 560 3168 in
587 3107 662 3166 curis
687 3107 819 3168 secundis
841 3116 970 3168 secutum
991 3127 1055 3168 esse
1079 3125 1251 3189 magnopere
1272 3103 1370 3184 doleo)
1391 3105 1502 3164 nimiam

355 3210 401 3268 rel
428 3213 624 3271 morositatem
652 3209 698 3268 vel
725 3208 910 3288 elegantiam,
936 3229 992 3290 qua
1019 3209 1166 3268 mandato
1182 3210 1327 3288 frangere
1347 3213 1379 3265 111
1390 3205 1502 3281 fid‘ms

354 3307 453 3387 logon,
476 3311 585 3389 sordue
609 3311 742 3387 frangere
765 3311 821 3370 diei
848 3314 1008 3392 opinantur.
1055 3309 1101 3374 De
1131 3331 1228 3371 eorum
1249 3311 1334 3390 igitur
1362 3309 1501 3370 66616666

353 3409 407 3468 hoo
429 3411 517 3472 voluit
537 3413 645 3475 Poeta:
672 3431 770 3489 „care
797 3433 834 3476 ne
860 3416 889 3474 in
910 3414 1061 3474 commissa
1085 3433 1116 3474 re
1139 3414 1288 3490 delinquas
1313 3417 1342 3471 et
1370 3412 1500 3470 mandata

352 3509 426 3570 male
446 3514 638 3589 exsequaris“
660 3512 726 3574 coll.
747 3515 839 3576 Plaut
860 3513 923 3576 Mil.
942 3516 981 3593 gl.
1002 3516 1034 3591 3,
1058 3517 1090 3592 3,
1111 3518 1165 3581 70.
1190 3516 1251 3577 Cic.
1272 3531 1315 3593 pr.
1334 3511 1499 3574 1166610.

354 3612 406 3674 Or·
428 3613 465 3691 8,
487 3613 538 3678 60.
568 3616 640 3692 alii,
661 3623 692 3676 ut
718 3617 869 3695 Cruqac'rrs
890 3623 919 3676 et
941 3617 1127 3678 Schmnziuo:
1150 3637 1248 3696 „care
1265 3635 1302 3677 66
1324 3634 1421 3676 coram
1441 3611 1500 3673 16-

353 3755 566 3770 *a*

436 3857 467 3926 '')
480 3855 628 3912 1166611166
639 3893 657 3923 ‚‚
672 3873 740 3910 cave
753 3875 786 3912 na
800 3857 870 3929 peda
885 3859 975 3930 lapsus
990 3861 1070 3913 66666
1084 3867 1160 3914 atne
1176 3857 1285 3912 ohanne
1298 3857 1349 3911 tibi
1364 3855 1499 3911 concredi·

352 3954 398 3998 ua
413 3941 503 4016 ntique
516 3947 597 4012 parto
611 3940 787 3998 1666666166*ι
809 3949 839 3997 et
858 3945 885 3997 J.
906 3945 1023 4000 Merkets
1043 3985 1061 4013 ‚,
1070 3945 1131 3998 Geir
1145 3962 1212 4012 nun,
1237 3945 1291 3998 666
1304 3943 1438 3998 6166661116
1452 3942 1500 3998 mir

350 4028 442 4098 nicht,
457 4027 512 4082 and
522 4025 648 4084 sarbrich
664 4027 753 4097 nicht,
768 4047 825 4083 was
838 4029 883 4082 ich
898 4031 940 4086 dir
954 4031 1086 4096 66666;“
1109 4039 1191 4101 etque
1204 4031 1274 4084 hond
1288 4029 1344 4082 6616
1359 4047 1393 4084 an
1409 4028 1499 4084 66666

353 4114 489 4172 sententia
502 4113 630 4166 Sclrellor:
651 4113 752 4184 ,‚Gelr,
770 4115 814 4170 lob
829 4117 916 4186 wohl,
936 4117 989 4174 666
1003 4117 1138 4172 strauchlo
1152 4117 1203 4172 mir
1218 4117 1294 4170 nicht
1308 4116 1363 4168 666
1376 4113 1498 4168 zerbrich

352 4203 401 4257 666
415 4199 571 4254 Ver-trenta.
580 4199 598 4229 ‘⁸

414 4277 461 4355 ”J
476 4284 542 4338 Cum
555 4283 702 4361 Doeringio
715 4283 850 4354 intelligar
864 4286 1050 4355 „onrminn,“
1064 4301 1116 4339 666
1131 4301 1198 4355 opur
1213 4292 1270 4350 est3
1285 4285 1417 4338 66666616
1429 4280 1498 4334 enirn

354 4389 443 4444 „qnae
457 4370 508 4426 tibi
528 4369 690 4426 66666νὶ.“
718 4371 798 4424 Coos.
820 4371 906 4425 Orelt.
927 4371 962 4426 66
976 4371 1008 4426 Α.
1022 4373 1056 4425 Ρ.
1072 4365 1131 4425 101.
1153 4371 1281 4424 Getarum
1300 4366 1499 4423 1666661666

351 4457 396 4526 (p.
409 4453 485 4531 171.)
500 4455 660 4528 interpretis
674 4454 793 4510 Gothori
806 4456 1070 4528 interpretationem
1085 4457 1222 4525 ,6666166
1227 4461 1368 4525 frangor,
1382 4469 1498 4508 corrum-

353 4556 418 4612 pat,
437 4541 592 4613 tllrpardrr,
613 4539 807 4596 wconnodm
828 4542 863 4596 66
883 4543 1067 4603 66661166.
1088 4541 1148 4613 plur
1166 4559 1251 4614 nequo
1271 4540 1365 4594 limera
1381 4539 1496 4594 videtur.
