3458 5318
347 499 388 564 76
452 499 738 564 coaufflNTauu
759 501 803 562 IN
823 499 1085 562 nonnullus.
1108 501 1131 560 1.
1159 499 1283 560 EPIST.
1304 497 1394 562 DEC.
1461 503 1502 564 76

346 693 456 768 majora
480 689 655 768 adipiscendi
682 689 836 766 cupiditate
861 691 993 766 prosecta
1012 689 1152 748 libertatis
1170 687 1231 745 fere
1252 688 1313 746 lieri
1331 687 1506 764 jacturam,“

346 794 376 851 id
398 794 476 869 quod
500 792 679 850 enarratione
704 791 833 865 fabulae,
865 811 921 868 qua
948 789 1014 848 olim
1035 788 1217 848 Stesichorus
1237 789 1422 848 Himerenses
1445 809 1508 846 mo-

347 894 427 962 nuit,
451 911 488 949 ne
505 893 646 970 superbae
661 893 821 950 Phalaridis
843 891 957 969 (Arist.)
977 897 1027 949 aut
1047 891 1168 949 Gelonis
1190 889 1293 970 (Con.)
1322 892 1509 949 dominationi

347 1013 380 1051 se
400 993 592 1070 subjicerent,
618 995 670 1052 sub
691 1000 839 1071 aspectum
860 993 942 1071 quasi
963 991 1119 1069 subjicitur.
1153 993 1315 1070 Apologum
1334 993 1412 1050 illum
1438 1009 1507 1048 nar-

348 1101 413 1152 rant
434 1093 604 1154 Aristoteles
627 1096 726 1176 (unet.
750 1100 780 1174 2,
804 1100 855 1171 20,
877 1095 921 1175 5.)
942 1100 972 1154 et
994 1095 1105 1152 Conon.
1129 1094 1259 1174 (Narrat.
1285 1092 1350 1170 42).
1387 1091 1432 1151 De
1452 1092 1508 1149 boc

347 1194 481 1274 Apologo
506 1197 570 1255 vide
590 1216 663 1274 quae
685 1199 832 1275 disputant
845 1198 928 1274 Boyl.
951 1199 988 1256 ad
1007 1195 1149 1256 Phalarid.
1170 1197 1262 1274 Epist.
1284 1201 1314 1260 6.
1335 1215 1365 1274 p.
1384 1196 1437 1256 39.
1459 1193 1507 1251 ed.

348 1297 462 1356 Schaef.
490 1299 606 1359 Weber.
640 1303 678 1359 ad
708 1300 815 1376 „Eleg.
845 1299 986 1358 Dichter“
1020 1321 1049 1378 p.
1081 1301 1154 1364 311.
1192 1299 1295 1358 Kleine
1321 1298 1359 1356 ad
1381 1295 1506 1356 Stesicb.

349 1398 464 1477 Fragm.
488 1422 517 1478 p.
539 1403 589 1463 17.
614 1403 684 1464 110.
723 1399 868 1460 lVelcker.
897 1403 927 1461 in
955 1405 1121 1462 doctissima
1145 1402 1219 1460 illius
1250 1401 1314 1461 libri
1337 1415 1460 1457 censura
1480 1395 1508 1452 in

349 1501 442 1560 Jabnii
463 1501 628 1579 „Jal1rbb.“
655 1503 783 1566 1829.1
816 1503 879 1582 [IX]
908 1525 937 1582 p.
963 1504 1047 1579 299,
1078 1504 1244 1582 quibuscum
1275 1502 1372 1562 confer
1406 1499 1444 1556 de
1473 1499 1509 1558 iis

348 1605 548 1683 scriptoribus,
573 1606 621 1682 qui
643 1606 715 1662 hauc
737 1603 860 1663 fabulam
875 1609 1030 1682 variarunt,
1045 1606 1185 1664 Schwabii
1198 1607 1318 1664 Excurs.
1334 1605 1370 1661 ad
1385 1602 1507 1662 Phaedr.

348 1704 380 1784 4,
401 1703 421 1765 4
443 1705 499 1787 (3)
518 1714 548 1766 et
568 1707 614 1764 ed.
637 1717 764 1767 nostram
785 1711 813 1770 1.
845 1727 875 1786 p.
898 1709 949 1769 59.
982 1740 1025 1752 -
1054 1707 1088 1764 V.
1110 1703 1163 1768 34.
1192 1727 1302 1786 pugna
1329 1707 1447 1776 melior,
1477 1708 1509 1762 ut

347 1809 488 1891 κρείττων
508 1809 658 1888 (Valcken.
681 1811 718 1867 ad
740 1810 839 1888 Eurip.
861 1809 979 1887 Hippoi.
1003 1809 1098 1888 1216)
1130 1809 1187 1868 Od.
1211 1812 1242 1884 1,
1266 1811 1317 1883 15,
1347 1811 1398 1873 28.
1426 1807 1507 1886 (rbiq.

349 1907 496 1988 Lambin.)
525 1911 558 1985 3,
581 1914 611 1988 6,
636 1911 684 1972 16.
720 1914 782 1970 Sat.
814 1915 845 1987 2,
872 1911 904 1988 5,
935 1913 985 1974 19.
1020 1910 1098 1989 Virg.
1121 1912 1193 1969 Aen.
1217 1911 1248 1987 5,
1271 1912 1322 1972 68.
1345 1909 1457 1983 jaculo
1481 1918 1510 1965 et

350 2015 470 2091 sagittis
490 2011 602 2072 melior.
624 2011 689 2072 Liv.
712 2015 763 2089 25,
787 2017 838 2090 18,
862 2016 892 2075 6.
923 2011 999 2070 bello
1019 2014 1131 2072 melior.
1165 2013 1251 2072 Bach.
1274 2012 1312 2071 ad
1328 2012 1414 2070 ovid.
1436 2011 1507 2070 Mea

349 2114 382 2189 9,
406 2115 457 2177 29.
489 2113 607 2192 Forbig.
630 2117 770 2194 ad'Virg.
793 2116 864 2175 Aen.
886 2118 917 2191 9,
939 2117 1009 2179 556.
1043 2119 1094 2190 11,
1121 2116 1193 2178 338.
1227 2118 1348 2194 Rupert.
1378 2115 1416 2172 ad
1433 2113 1506 2171 Tac.

350 2215 450 2278 Germ.
460 2217 514 2292 32,
525 2211 555 2276 4.
574 2251 618 2262 --
638 2218 846 2276 communibus
865 2217 977 2288 herbas,
998 2219 1018 2275 i.
1041 2239 1067 2276 e.
1090 2237 1123 2276 ex
1142 2221 1206 2297 jura
1228 2223 1348 2276 naturae
1372 2221 1405 2274 ui
1422 2215 1507 2274 ovid.

346 2315 416 2375 Met
441 2321 472 2391 1,
495 2316 566 2381 135.
601 2321 795 2378 Communem
811 2324 900 2399 priua
921 2341 975 2378 ceu
995 2320 1113 2377 lumina
1134 2319 1205 2375 solio
1227 2329 1254 2376 et
1273 2337 1367 2376 auras
1389 2351 1428 2361 -
1450 2315 1510 2374 hu-

349 2437 442 2480 mum.
463 2419 605 2497 Heusing.
623 2424 660 2480 ad
682 2424 742 2481 Cic.
766 2423 852 2482 Offic.
876 2427 905 2500 1,
924 2427 955 2501 7,
979 2428 1009 2488 2.
1038 2455 1076 2468 -
1116 2419 1263 2478 Pellebat.
1298 2421 1381 2480 Hunc
1400 2417 1509 2494 Imper-

350 2519 419 2577 fecti
440 2539 523 2578 usum
542 2521 615 2580 bene
637 2525 727 2582 sensit
749 2526 775 2584 J.
799 2527 836 2584 H.
857 2527 992 2585 Vossius:
1017 2526 1098 2601 „und
1121 2525 1177 2580 den
1199 2521 1274 2579 Gaul
1297 2541 1362 2578 vom
1381 2521 1509 2596 gemein-

350 2639 449 2680 samen
469 2621 568 2700 Anger
588 2623 657 2701 Jagt
679 2645 710 2683 er
732 2627 807 2685 ost.“
837 2659 877 2671 -—-
911 2629 948 2685 V.
970 2627 1022 2689 35.
1044 2629 1142 2682 minor
1168 2626 1200 2681 iu
1222 2626 1381 2680 certamine
1402 2623 1507 2699 longo,

349 2725 369 2782 i.
392 2745 418 2786 e.
438 2717 547 2802 ἥττων.
583 2725 634 2783 Sil.
663 2727 728 2785 Ital.
758 2729 789 2804 5,
814 2729 867 2790 76.
899 2729 973 2785 Heu
1001 2729 1075 2785 satis
1096 2729 1198 2804 superi
1222 2736 1347 2784 certasse
1367 2725 1506 2782 minores.

349 2825 425 2883 sut.
444 2825 539 2886 Theb.
562 2831 613 2904 11,
636 2829 708 2892 666.
727 2851 816 2908 aequa
836 2833 979 2888 mitterem
1001 2831 1152 2907 consessus
1173 2831 1270 2888 tacite.
1293 2829 1375 2888 Grat.
1397 2829 1508 2906 Cyneg.

350 2927 423 2990 335.
453 2931 547 2986 εοοίοε
567 2929 716 2988 testabitur
737 2931 819 2988 hoste
846 2936 986 3002 minores,
1019 2931 1067 2990 ubi
1100 2933 1158 2989 vid.
1183 2931 1320 2990 Wernsd.
1347 2933 1445 2990 Burm.
1474 2931 1511 2988 ad

351 3028 414 3087 Val.
435 3030 479 3089 Fl.
502 3034 534 3109 7,
554 3031 626 3096 349.
655 3033 736 3090 Cort.
760 3031 796 3090 ad
816 3033 926 3094 Lucan.
948 3031 979 3110 4,
1001 3031 1074 3100 642.
1109 3034 1232 3110 Rupert.
1256 3035 1292 3091 ad
1318 3035 1390 3096 Tac.
1413 3035 1511 3092 Germ.

350 3131 404 3207 39,
423 3133 453 3194 7.
481 3133 593 3202 Quodsi
614 3136 681 3193 olim
701 3155 765 3194 voc.
788 3137 886 3193 minor
904 3157 936 3196 ex
954 3141 1062 3195 mutato
1083 3135 1230 3212 subjecto,
1252 3135 1327 3211 quod
1349 3136 1393 3192 hic
1418 3155 1512 3212 equus

352 3239 398 3290 est
431 3231 573 3311 (exempla
610 3255 813 3315 usquequaque
838 3237 1034 3314 inveniuntur,
1055 3239 1112 3299 vid.
1130 3235 1286 3295 Bernhard.
1308 3233 1509 3309 „Wissenscb

352 3333 461 3410 Syntax
483 3355 512 3412 p.
533 3332 605 3397 468.
628 3337 729 3396 Stallb.
752 3341 790 3397 ad
808 3339 882 3396 Plat.
905 3339 998 3414 Gorg.
1022 3339 1074 3398 66.
1097 3357 1126 3414 p.
1149 3335 1221 3400 215.
1246 3335 1371 3415 strange
1387 3339 1418 3395 in
1440 3339 1511 3398 See-

352 3434 420 3492 bod.
443 3434 593 3510 „Arcl1iv“
614 3439 706 3502 1836.
738 3439 787 3514 IV,
809 3441 840 3501 3.
872 3461 901 3518 p.
927 3441 1000 3502 375.
1039 3440 1137 3498 Heinr.
1164 3439 1202 3496 ad
1228 3440 1292 3498 Juv.
1322 3437 1353 3519 4,
1373 3437 1511 3504 39-41.

351 3535 490 3614 Heusing.
512 3539 549 3597 ed
567 3539 627 3598 cic.
651 3541 736 3598 Offic.
760 3543 791 3615 2,
815 3543 845 3616 1,
867 3541 898 3602 3.
939 3540 1026 3599 Fabr.
1049 3543 1086 3599 ad
1109 3539 1174 3599 Liv.
1205 3545 1257 3618 22,
1281 3543 1334 3620 51,
1356 3543 1513 3622 951111111-

353 3638 431 3714 cavi,
453 3639 527 3699 haud
552 3643 611 3699 seio
632 3661 668 3700 an
685 3641 785 3700 melius
807 3643 845 3700 sit
866 3661 929 3701 casm
949 3643 1126 3702 Hecbederu
1153 3663 1216 3702 voc.
1245 3647 1344 3702 arsinoe
1365 3662 1419 3721 pro
1448 3645 1510 3722 ipso

350 3741 455 3802 babere
479 3743 624 3821 subjecto.

435 3843 469 3910 V.
491 3847 544 3910 36.
578 3846 759 3924 Imploraeit
777 3871 846 3928 opes
867 3850 1004 3913 hominia.
1044 3849 1085 3910 Ut
1106 3871 1190 3927 opem
1207 3859 1320 3927 petere,
1339 3847 1511 3926 [1111111111-

351 3955 415 4024 tur,
444 3950 484 4006 ita
504 3949 550 4006 bic
570 3969 640 4028 opes
665 3970 718 4028 pro
740 3971 824 4029 opem
847 3971 910 4011 cum
930 3953 992 4011 aliis
1013 3951 1107 4010 multis
1127 3951 1172 4030 (ut
1192 3951 1356 4010 Schiraehio
1377 3948 1407 4004 in
1428 3947 1511 4006 Clau.

351 4047 424 4110 Hor·
444 4070 474 4129 p-
498 4052 843 4129 258.,Ruduimann01.
869 4041 1005 4132 p.131'.,
1032 4052 1145 4111 Bromio
1170 4054 1207 4112 ad
1229 4053 1307 4131 Nep.
1335 4050 1460 4112 Hannib.
1482 4053 1513 4126 1,

352 4152 397 4229 3.)
419 4153 475 4210 dici
497 4156 630 4233 opinatur
658 4155 801 4228 Orellc'us,
829 4157 907 4234 quod
928 4155 1010 4231 mibi,
1038 4161 1071 4213 ut
1097 4157 1268 4230 concedam,
1297 4171 1442 4230 nunquam
1464 4171 1512 4211 ex-

352 4255 537 4334 torquebunt.
588 4258 667 4335 Opes
695 4262 785 4334 enim,
819 4258 935 4316 verbum
963 4258 1105 4333 quoddam
1136 4258 1176 4315 rei
1206 4255 1335 4315 militaris
1357 4261 1387 4314 et
1413 4253 1512 4329 civilis,

354 4354 373 4411 1.
394 4378 420 4415 e.
442 4361 534 4437 vires,
564 4363 708 4440 potentia,
739 4363 814 4421 baud
836 4361 957 4419 obscure
978 4377 1042 4418 eum
1064 4360 1235 4438 respiciunt,
1269 4360 1317 4435 qui
1342 4357 1513 4436 potentioris

355 4475 387 4512 se
410 4464 575 4544 committit,
601 4468 686 4525 immo
710 4466 860 4524 summittit
880 4460 993 4521 tutelae.
1036 4459 1115 4518 lllam
1142 4463 1287 4521 notionem
1308 4479 1327 4518 a
1360 4460 1513 4516 Torrentio

355 4562 399 4620 bic
419 4558 600 4627 observatum
619 4567 781 4646 improbare
802 4585 860 4627 nou
882 4561 1005 4622 debebat
1025 4561 1225 4621 Burmannus
1257 4563 1293 4622 ad
1323 4561 1387 4620 Val.
1412 4561 1458 4623 lu.
1481 4563 1513 4640 3,
