3458 5318
320 515 362 580 82
439 507 725 575 commun
740 507 965 573 lNHORlTil
986 511 1061 572 LlB.
1076 511 1096 571 i.
1116 507 1240 572 lll‘lST.
1256 511 1354 575 NON.
1432 515 1474 582 ΒΖ

320 702 479 784 disputavi,
503 717 591 778 quum
617 695 667 757 vo
689 699 805 758 doctiss
830 699 1005 775 censuisset,
1026 699 1098 758 issue
1120 697 1280 778 Epistulam
1300 698 1399 778 „nulls
1421 699 1478 759 ulia

320 809 357 867 de
377 821 464 866 muso
486 799 609 881 posthac
628 801 658 860 in
675 799 766 859 lucem
783 800 915 860 emissam
931 819 1016 878 esse,
1036 801 1092 860 nisi
1111 806 1142 859 ut
1162 796 1234 860 Hor.
1254 800 1390 879 aequales
1405 812 1475 862 suot

320 909 468 979 edoceret,
495 919 569 980 quse
590 899 645 959 sibi
667 919 729 960 cnm
749 903 881 980 privigno
902 903 1092 962 intercederet
1113 902 1295 961 necessitudo
1316 909 1476 981 qumtsqss

319 1007 396 1090 apud
410 1025 475 1068 eum
487 1003 612 1082 polleret
631 1003 800 1063 auctoritate
821 1011 850 1064 et
867 1001 981 1083 grutisi‘
1003 1010 1056 1062 etc.
1099 1002 1253 1064 Praeterea
1268 1011 1381 1064 tanum
1392 1007 1474 1080 ufirit,

320 1119 352 1171 ut
364 1108 503 1170 Horatius
517 1103 675 1184 principum
689 1106 812 1165 mortun
825 1105 1028 1165 familiaritates
1042 1109 1172 1184 aptaret
1185 1105 1356 1183 adeptisque
1369 1105 1474 1184 gloris-

319 1220 415 1288 retur‚
439 1216 489 1268 eut
509 1206 577 1284 quid
599 1207 636 1264 dc
656 1206 721 1286 ipso
749 1207 884 1286 aequales
908 1207 1047 1268 sentirent
1067 1207 1150 1266 auxie
1171 1213 1301 1283 curaret,
1323 1215 1476 1270 utcontra

319 1333 371 1372 suo
393 1309 505 1372 modulo
523 1314 676 1368 contentus
701 1307 731 1367 id
754 1313 935 1388 sequeretur,
958 1316 991 1368 ut
1009 1307 1137 1387 placeret
1157 1311 1223 1368 viris
1245 1309 1379 1369 virtutum
1392 1309 1476 1370 leude

319 1417 489 1494 quicumque
502 1423 601 1470 essent
620 1411 787 1490 insignibus.
816 1411 902 1470 Cous.
918 1409 969 1468 Fi.
995 1405 1116 1472 Jacobs.
1137 1410 1173 1472 V.
1187 1431 1216 1490 p.
1238 1413 1278 1475 81
1300 1430 1347 1489 sq.
1402 1419 1405 1430 '

404 1518 498 1586 Qurrm
512 1519 636 1591 tempus,
652 1531 708 1590 quc
723 1510 793 1570 haee
806 1511 936 1590 Epistola
949 1514 1055 1591 scripta
1070 1513 1119 1587 sit,
1133 1512 1244 1570 deliniri
1256 1515 1390 1590 nequest,
1405 1533 1474 1574 con-

315 1621 363 1700 jici
377 1619 460 1696 iicet,
478 1615 625 1676 Trlserirnn
639 1613 771 1673 comitem
785 1613 875 1671 luisse
890 1611 1026 1690 Augusti,
1046 1631 1130 1692 quum
1150 1617 1174 1672 is
1194 1615 1289 1674 medio
1307 1633 1382 1674 nnuc
1395 1617 1474 1681 732.

318 1723 409 1782 Roma
421 1719 639 1798 profisceretur,
661 1721 692 1774 ut
704 1712 876 1794 expeffitioni
896 1715 925 1771 iu
938 1713 1063 1773 Partlrus
1085 1715 1284 1794 suscipiendae
1307 1721 1473 1795 susceptae·

318 1843 375 1900 que
389 1824 630 1896 interesset,.qns
642 1817 758 1896 quidem
771 1833 865 1875 renun
878 1815 1040 1876 conditione
1053 1815 1202 1876 Horstimu
1216 1835 1270 1897 per
1282 1817 1378 1877 literas
1388 1819 1476 1898 paulo

317 1931 385 1983 aute
399 1921 536 1996 Tiberio,
551 1921 600 1998 qui
610 1918 716 1996 ubique
730 1919 849 1978 comites
863 1923 894 1976 ct
907 1917 1005 1976 hebuit
1019 1923 1049 1976 et
1063 1920 1093 1978 in
1107 1939 1191 1979 suurn
1206 1921 1381 1978 consorn'um
1398 1923 1474 1980 viros

317 2025 532 2106 probatissimos
552 2021 682 2097 admisit,
703 2021 872 2100 Septimium
894 2021 1117 2084 commendasse.
1159 2019 1239 2080 Idem
1262 2021 1323 2080 tere
1347 2023 1475 2082 sentiunt

318 2129 483 2186 Massones
497 2123 566 2199 (vit.
580 2123 653 2186 Hor.
665 2142 696 2201 p.
711 2123 796 2199 258),
817 2119 991 2193 Oboeltnrse,
1012 2121 1188 2194 Wstssls'us,
1207 2121 1475 2196 Hitsclsmls'clss'ue,

317 2228 516 2298 Rectum,
530 2225 721 2286 Wsicdsrtus
733 2221 827 2296 (roes
839 2222 889 2283 ist.
898 2223 993 2302 ltoliq.
1007 2245 1038 2302 p.
1053 2225 1126 2288 378.
1139 2227 1236 2305 ata),
1258 2224 1398 2287 cusum.
1419 2227 1476 2288 Μὴ·

317 2339 430 2410 tempus
445 2327 610 2407 scriptionis
624 2329 654 2386 in
668 2343 772 2386 sunm
786 2319 874 2401 734„
889 2343 946 2402 quo
961 2328 1025 2406 ipsc
1038 2325 1174 2388 Tiberius
1189 2327 1341 2388 exercitum
1360 2327 1391 2386 in
1402 2327 1474 2388 Par-

317 2434 383 2493 thos
411 2431 508 2506 duxit,
537 2430 686 2488 conserunt
714 2433 746 2486 ut
775 2425 1003 2507 Habcrssldsss,
1038 2427 1232 2500 admistus,
1265 2427 1474 2500 Haemum,

316 2533 469 2594 muco
488 2531 520 2604 (l.
536 2530 555 2590 l.
570 2549 601 2610 p.
615 2527 700 2599 205).
740 2529 834 2608 Quid,
862 2531 941 2607 qnod
967 2529 1152 2590 Superiorem
1160 2571 1172 2601 ,
1198 2529 1384 2607 Μανιῖἰίιιε,
1405 2530 1474 2588 Do-

316 2635 448 2717 ughello
459 2632 620 2713 Epictetum
631 2647 707 2689 anuo
721 2631 794 2695 731.
807 2631 1110 2709 soeiptsmopimniur
1121 2635 1138 2708 ,'
1153 2651 1228 2710 quae
1249 2631 1363 2709 quidem
1374 2631 1473 2710 opinio

316 2759 351 2801 ex
376 2755 413 2797 eo
431 2753 529 2796 errore
549 2733 681 2815 profecta
703 2732 834 2809 videtur,
862 2732 1002 2809 inquom
1028 2735 1137 2812 majore
1164 2751 1227 2794 cum
1254 2734 1355 2793 fraude
1374 2733 1474 2794 metuit

320 2838 570 2902 Wakkmosn'rss
585 2834 635 2914 (11.
648 2855 677 2914 p.
690 2828 769 2910 41.),
787 2835 867 2912 cujus
880 2833 991 2912 aliquot
1003 2835 1107 2912 νεὼ,
1130 2856 1168 2896 ue
1189 2835 1313 2913 maligne
1331 2835 1474 2915 iuterpre-

316 2951 397 3004 tstus
416 2959 483 3002 esse
505 2941 619 3017 videus,
649 2937 704 2997 hnc
725 2933 945 2996 transscribere:
973 2935 1041 3013 „Le
1060 2937 1181 2996 maledie
1201 2933 1362 3014 u’lugmee
1386 2945 1417 2998 et
1446 2937 1475 2996 la

316 3047 423 3106 crsinte
434 3041 522 3123 qu'cn
531 3041 608 3100 acuit
617 3058 672 3100 ene
681 3040 719 3099 de
729 3038 868 3118 iepsrdre
877 3037 991 3099 sutem
1003 3040 1056 3098 isit
1068 3037 1176 3101 uhter
1188 3043 1284 3098 tontes
1300 3055 1351 3096 ces
1361 3037 1474 3116 louinco,

315 3153 412 3206 tontes
428 3165 477 3204 ces
490 3143 633 3218 rivalitas,
657 3146 755 3200 toutes
769 3159 818 3200 ces
840 3143 1019 3219 pretentious
1038 3139 1230 3202 smbitieuses.
1272 3139 1316 3200 Ce
1338 3140 1474 3219 qu'svsit

316 3247 369 3308 rut
382 3247 529 3321 Auguste,
549 3240 680 3318 lorsqu'il
700 3241 797 3300 s’etutt
816 3261 867 3300 cru
887 3243 955 3320 pris
977 3246 1015 3302 de
1034 3261 1089 3302 son
1110 3242 1223 3302 dernier
1234 3248 1377 3320 monui,
1396 3244 1474 3304 avait

315 3349 470 3406 iortcmeut
482 3344 615 3402 usmete
626 3339 762 3399 Marcelle
772 3347 803 3400 et
812 3357 845 3401 ss
858 3343 947 3420 mee,
964 3347 1023 3423 qni,
1037 3342 1148 3421 lorsqu’
1159 3340 1288 3420 ungue
1301 3346 1346 3405 fut
1359 3345 1474 3422 rdtnbli,

317 3453 435 3512 meseut
456 3463 541 3507 esses
564 3443 602 3502 dc
626 3441 717 3502 cridit
740 3443 843 3521 tupris
871 3444 908 3503 de
928 3444 967 3504 lui
991 3466 1067 3526 pour
1088 3445 1201 3508 obtruir
1228 3447 1277 3524 qu’
1291 3445 1420 3529 Agrippa
1444 3455 1473 3508 et

315 3719 406 3776 videri
437 3720 505 3776 hauc
532 3721 684 3795 Epistolsm
710 3738 796 3776 ranae
823 3722 978 3780 ambitionis
1004 3739 1085 3781 csusa
1113 3725 1242 3798 scriptum
1266 3743 1344 3796 osse,
1377 3725 1471 3782 lubens

315 3807 365 3862 dat
384 3821 485 3860 munus.
513 3807 555 3862 De
568 3807 685 3880 poeticis
705 3815 793 3862 sutem
818 3809 933 3879 studiis,
954 3807 1050 3882 quibus
1071 3809 1230 3880 Septimium
1250 3811 1367 3866 deditum
1388 3810 1471 3864 luisse

316 3891 428 3960 conjicit
450 3889 604 3948 mutuemus
627 3911 656 3965 p.
679 3893 759 3962 103.,
781 3893 849 3948 nihil
869 3911 957 3967 nequa
981 3891 1169 3950 affirmaverim
1194 3913 1281 3968 neque
1305 3895 1469 3966 negsverim.

316 3977 383 4031 Veri
398 3975 510 4031 similius
531 3987 620 4034 sutem
641 3985 700 4047 cst,
722 3977 794 4049 quod
807 3981 879 4034 idem
896 3997 930 4035 cx
945 3977 1053 4034 silendo
1069 3977 1103 4033 de
1114 3979 1247 4052 Septimio
1261 3982 1289 4034 iu
1301 3975 1393 4052 Epist.
1403 3983 1429 4049 1,
1442 3979 1469 4034 8.

315 4073 427 4118 scruto
449 4061 524 4117 effici
541 4065 611 4134 vult,
632 4065 795 4136 Septimium
810 4066 839 4118 in
860 4065 1012 4120 Psrtlriusm
1034 4063 1232 4136 expositionem
1251 4067 1404 4137 profectus
1418 4083 1471 4120 nus

316 4165 394 4217 asse,
419 4147 469 4202 sed
485 4148 587 4206 Romae
607 4148 736 4206 nsusisse
756 4150 855 4208 videri.
900 4151 1028 4208 (letatum
1048 4151 1084 4207 ds
1112 4151 1189 4206 Titi·
1212 4151 1362 4222 Septimio,
1393 4167 1470 4222 quesn
1513 4153 1521 4162 '

312 4236 368 4304 ism
395 4233 501 4302 pridem
531 4250 565 4288 ex
593 4234 712 4288 Horatio
734 4235 871 4306 expulisse
890 4236 969 4290 nobis
992 4236 1128 4306 videmur,
1162 4238 1274 4292 cundem
1292 4236 1470 4310 interpretem

314 4313 502 4373 ibi'habemus
523 4317 732 4386 adsentientem,
764 4321 840 4390 quin,
866 4321 939 4392 quod
962 4329 1044 4392 caput
1063 4320 1105 4376 rei
1126 4330 1185 4392 est,
1212 4321 1379 4379 Scholiastes
1401 4320 1469 4373 Cru-

315 4401 374 4472 quii
397 4410 511 4473 propter
540 4403 646 4458 numius
671 4411 701 4457 st
727 4403 794 4458 elias
818 4405 863 4458 vel
889 4405 983 4460 sddits
1011 4406 1055 4460 vei
1082 4407 1147 4461 iicts
1178 4423 1230 4477 pru
1260 4403 1468 4476 locupletissimo

315 4491 389 4540 teste
407 4487 503 4542 heberi
517 4491 646 4560 nequest.
699 4487 760 4541 lios
787 4490 822 4544 cb
850 4488 1079 4548 Wuisirssssrs'sss
1105 4489 1265 4562 monuimus,
1293 4491 1399 4564 quippe
1423 4491 1469 4564 qui

315 4568 475 4624 sumsimus
494 4571 566 4628 Titii
585 4574 657 4630 illius
679 4573 818 4630 exstiterit
839 4581 981 4648 pauentes.
