3420 5332
691 1611 1251 1727 COMMENTARII

944 1853 987 1912 lN

386 2033 388 2040 ’
423 2043 603 2126 ,nonan
624 2043 712 2114 LlB.
733 2045 761 2112 Ι.
798 2039 1063 2114 memnonem
1082 2031 1506 2110 nnonnvlcnslnan.

860 2307 1069 2320 ——n-

394 2495 505 2584 Iuliae
524 2527 655 2605 Epistola
677 2530 714 2588 de
733 2535 811 2588 recta
831 2527 1023 2606 potentiorum
1043 2525 1152 2584 cultura
1170 2523 1350 2602 praecipitur.
1392 2520 1486 2589 Quum
1506 2517 1534 2576 in

392 2627 468 2685 vitae
489 2630 692 2688 consuetudine
715 2649 777 2688 cum
797 2629 907 2705 magnis
929 2629 1024 2686 amicis
1046 2627 1092 2686 vel
1112 2631 1257 2685 contracta
1268 2623 1322 2684 'vel
1344 2619 1535 2680 contrahenda

392 2729 544 2786 verendum
559 2737 652 2807 esset,
671 2751 708 2790 ne
728 2727 926 2790 adolescentes
948 2729 989 2786 illi
1005 2749 1062 2787 non
1081 2734 1141 2786 tam
1162 2727 1190 2785 in
1208 2725 1397 2805 arrogantiam
1417 2729 1448 2782 et
1468 2743 1535 2782 con·

392 2831 557 2908 tenaciam,
587 2851 671 2908 quam
692 2833 722 2890 in
741 2833 854 2890 nimium
882 2831 1010 2910 placendi
1033 2831 1156 2890 studium
1185 2835 1269 2906 atque
1289 2828 1317 2886 in
1345 2826 1534 2885 adulationem

391 2932 564 3010 inciderent,
597 2933 688 2993 Poeta
707 2935 788 3011 hujus
808 2933 868 2992 vitii
889 2952 973 2992 unam
994 2935 1149 2991 cautionem
1175 2937 1259 3009 atque
1285 2947 1369 2988 onam
1396 2928 1534 3007 provisio—

389 3051 455 3091 nem
467 3031 561 3092 Lollio
578 3036 744 3113 proposuit,
766 3041 797 3093 ut
811 3051 905 3091 veram
923 3034 1097 3094 describeret
1110 3033 1238 3090 mrtotern
1252 3023 1440 3117 dprlqrmq's,
1461 3044 1533 3106 qoae

390 3135 484 3192 media
507 3137 589 3211 quasi
611 3141 692 3195 esset
715 3136 788 3194 inter
810 3134 895 3194 vilem
915 3135 1104 3194 adolationem
1129 3144 1158 3192 et
1179 3135 1360 3212 asperitatem
1383 3140 1533 3213 agrestem.

390 3233 554 3312 Praeceptis
574 3237 708 3315 deinceps
737 3256 832 3297 earum
855 3256 966 3314 rerum,
992 3255 1063 3314 quae
1092 3237 1121 3294 in
1146 3255 1200 3294 usu
1225 3233 1366 3297 hominum
1388 3235 1532 3316 potentio-

389 3355 451 3394 rum
467 3335 512 3394 vel
531 3335 725 3398 observandae
746 3336 790 3397 vel
818 3340 965 3398 evitandae
994 3343 1107 3411 essent,
1133 3354 1241 3394 summa
1270 3357 1331 3398 cum
1360 3335 1531 3396 humanitate

390 3437 464 3495 datis
481 3433 571 3497 Poeta
586 3436 708 3498 Lollium
728 3436 939 3500 adolescentem
959 3440 1139 3512 adhortatur,
1160 3457 1196 3496 ne
1217 3439 1290 3496 inter
1311 3438 1382 3498 lraec
1403 3437 1529 3515 quamvis

389 3537 467 3595 utilia
488 3556 549 3596 cum
569 3540 638 3604 viris
659 3541 773 3599 summis
792 3541 905 3600 vivendi
927 3546 1081 3619 praecepta
1099 3539 1242 3616 negligat,
1265 3558 1339 3618 qnae
1360 3539 1462 3598 avitis
1482 3556 1530 3599 aa·

387 3637 530 3717 pientibus
552 3639 588 3698 de
614 3659 681 3701 vera
702 3648 835 3719 rectaque
855 3643 966 3702 vivendi
986 3644 1097 3700 ratione
1115 3642 1263 3720 proposita
1283 3641 1340 3700 sint
1360 3641 1404 3700 vel
1421 3659 1531 3720 propo·

388 3744 507 3814 uantur,
527 3744 560 3798 ut
576 3741 737 3820 condiscat,
767 3742 833 3820 quid
855 3744 890 3802 ad
910 3763 1005 3804 veram
1022 3747 1109 3804 vitam
1134 3751 1163 3802 et
1183 3741 1411 3822 tranquillitatem
1431 3741 1528 3820 animi,

389 3859 445 3918 qua
466 3841 528 3919 ipse
547 3842 645 3920 procul
668 3843 704 3902 nb
725 3844 867 3904 hominum
890 3846 972 3906 turba
993 3845 1206 3926 frequentiaque
1232 3845 1357 3922 furatur,
1384 3845 1528 3906 verissime

389 3941 527 4007 conserat.

469 4043 501 4101 Si
519 4049 617 4120 ⁸artent
646 4053 776 4126 spectes,
803 4069 860 4128 qna
884 4049 1021 4109 Horatius
1045 4050 1074 4107 in
1098 4048 1293 4126 componenda
1319 4045 1374 4106 luae
1402 4042 1530 4125 Epistola

386 4163 455 4203 usos
479 4151 540 4222 est,
564 4145 639 4206 haud
659 4149 719 4208 scio
742 4167 778 4208 an
799 4151 890 4228 magis
904 4151 1053 4228 ingenuam
1071 4149 1170 4208 landes
1184 4148 1325 4208 sentiendi
1338 4147 1477 4208 neonem
1487 4139 1530 4227 *),

472 4367 503 4440 t)
519 4371 588 4424 Vere
605 4370 783 4426 Wiclcadr'oo:
802 4369 885 4440 „Mau
898 4371 968 4424 tenu
988 4369 1079 4425 diesen
1100 4370 1176 4424 Briet
1192 4371 1232 4424 sla
1246 4370 1289 4424 ein
1310 4369 1410 4424 tleinas
1430 4365 1535 4437 pretti-

388 4452 465 4508 aanor
479 4456 627 4512 Headloct
641 4458 688 4510 der
699 4455 788 4511 ΚΜ
801 4455 847 4509 nit
860 4458 912 4510 den
925 4457 1039 4510 Grosrea
1051 4475 1085 4510 ru
1099 4458 1173 4510 letes
1186 4454 1317 4524 amadan,
1333 4451 1445 4508 welches
1455 4451 1534 4523 jader

387 4535 531 4610 Jdngliug,
544 4541 597 4595 den
611 4538 819 4596 comacliensi!
830 4541 878 4594 nui
887 4542 930 4596 dia
941 4541 1104 4612 schldptrigc
1113 4538 1186 4594 Baba
1201 4541 1249 4596 des
1259 4539 1345 4596 llatae
1357 4544 1463 4610 garetnt
1476 4537 1532 4605 lut,
