3420 5332
224 491 282 558 106
302 491 673 554 comitumue.
689 491 761 552 Llli.
776 491 799 551 1.
831 490 952 552 EPlST.
967 487 1274 554 nuouavlcasru.
1302 487 1365 554 153

225 659 397 731 Hoclrsder,
417 679 435 719 a
456 680 512 739 qno
530 679 587 721 non
606 659 721 722 multum
742 661 831 722 ucat
850 659 1011 740 Docringii
1029 660 1191 740 explicatio:
1221 662 1366 739 ‚molesto

220 764 339 826 modo.“
366 762 465 826 ,Multo
486 763 571 822 etiam
596 766 686 841 magis
712 762 858 840 ambigunt
882 764 919 824 dc
942 763 1065 823 dictione
1090 771 1118 818 te
1147 774 1264 842 angat,
1291 781 1364 842 quae

220 883 317 926 carram
339 864 385 926 ael
411 864 553 924 libidinem
573 865 695 942 iudicat,
728 883 785 944 qua
804 871 915 926 amator
934 865 994 924 voti
1017 883 1075 924 non
1099 883 1215 943 compos
1242 865 1365 942 agitatur

219 986 253 1026 ac
273 973 397 1028 vantur.
432 965 477 1025 ab
498 966 552 1026 bac
570 966 804 1046 interpretatione
823 987 880 1027 non
896 967 1031 1028 abhorret
1048 965 1126 1026 verbi
1146 968 1313 1046 significatio
1333 969 1365 1044 2,

222 1073 253 1145 1,
273 1071 345 1133 211.
364 1069 401 1128 Α.
422 1068 456 1129 Ρ.
478 1069 549 1134 110.
570 1067 656 1128 Fabr.
679 1069 717 1128 ad
737 1065 801 1128 Lir.
823 1069 876 1146 21,
896 1069 976 1146 i‚b.
1004 1065 1066 1128 (ic.
1089 1068 1128 1127 ad
1149 1068 1291 1146 Attici,
1313 1068 1364 1132 lb.

220 1168 328 1228 Merita
345 1181 416 1230 eunt
435 1189 513 1250 quae
529 1190 576 1228 nae
595 1170 759 1230 „lucum
774 1181 958 1251 arguatque.
988 1171 1047 1232 Sed
1067 1177 1162 1232 tamen
1182 1171 1256 1233 banc
1274 1171 1365 1230 inter·

219 1272 350 1351 pretandi
372 1275 444 1332 riam
472 1274 512 1331 ita
530 1271 672 1351 improbat
693 1271 850 1345 Diintaer,
875 1283 907 1336 ut
931 1271 1119 1352 Hnbcrsaldo
1142 1279 1173 1332 et
1199 1271 1364 1352 Docringio

218 1371 380 1433 auctoribus
397 1373 541 1433 dominum
554 1373 692 1454 intelligat
710 1375 912 1452 ludibundum,
933 1396 1022 1455 penes
1039 1375 1189 1454 quamsit,
1210 1381 1364 1436 amatorem

219 1474 306 1554 puelli
324 1475 471 1556 puellasve
490 1495 626 1556 pungere
650 1483 680 1536 et
706 1475 838 1536 ludibrio
858 1477 976 1537 haim.
1012 1479 1115 1540 Parnm
1135 1485 1228 1540 auum
1249 1483 1364 1536 contra·

219 1577 262 1636 ria
282 1576 345 1636 hm
363 1609 405 1624 -
427 1588 524 1657 angat
539 1580 660 1640 sensisre
679 1579 790 1640 ridetur
809 1580 860 1638 Vir
878 1581 1068 1642 doctissimus.
1098 1581 1213 1662 Lapsns
1233 1575 1363 1636 Lambi-

219 1700 277 1738 nus
297 1699 409 1759 quoque
430 1687 492 1758 cst,
512 1700 598 1759 quum
619 1680 739 1742 diceret:
762 1680 837 1758 „vel
849 1683 992 1761 repulsam
1017 1683 1094 1746 ieras
1112 1691 1143 1744 st
1160 1683 1200 1742 ita
1219 1682 1363 1760 potentio÷

220 1799 281 1840 rem
308 1778 471 1842 illiberalem
493 1801 525 1842 se
552 1801 621 1862 erga
638 1789 669 1843 tc
688 1782 852 1861 praebuisse
878 1788 1048 1863 quanrisd‘
1096 1785 1247 1845 Ducarius
1269 1783 1363 1861 ipsum

218 1883 363 1942 dominnm
384 1902 480 1943 amore
499 1887 580 1964 pueri
601 1893 714 1965 captum
734 1885 913 1946 hauddubie
933 1889 1069 1966 credidit,
1089 1907 1173 1967 quom
1193 1888 1363 1964 interpreta-

218 1991 311 2046 retur:
334 1984 377 2062 „il
390 2005 461 2046 vous
474 1996 533 2048 met
546 2007 582 2048 au
601 1988 751 2065 desespoir
770 1994 800 2048 et
819 2007 890 2048 vous
907 1987 947 2046 lui
960 1990 1086 2050 devenea
1106 1987 1254 2068 suspect“
1281 1985 1364 2044 Puer

213 2086 344 2166 pulcher
361 2087 435 2148 baud
453 2089 511 2148 scio
532 2106 568 2146 an
589 2088 760 2166 intelligatur
774 2109 845 2150 unus
865 2089 969 2166 eriis,
990 2110 1063 2169 quos
1079 2091 1201 2152 Romani
1220 2087 1363 2156 clamator

219 2191 263 2250 vel
283 2187 408 2248 delicim
428 2189 585 2267 vocabant,
606 2191 670 2250 vide
690 2191 727 2249 de
742 2189 846 2252 talibus
867 2191 980 2272 Spolia.
1001 2195 1038 2253 sd
1058 2194 1138 2270 virg.
1158 2193 1259 2270 Ecloq.
1279 2193 1310 2266 2,
1332 2191 1362 2252 2.

218 2294 265 2352 ed.
285 2291 388 2370 Wagn.
410 2297 451 2374 et,
468 2291 630 2354 Waiclaert.
656 2293 738 2355 Poet.
760 2294 810 2353 lat.
831 2294 924 2372 Reliq.
949 2315 979 2374 p.
1001 2291 1063 2360 224
1080 2315 1144 2375 sqq.
1179 2294 1362 2372 Quapropter

218 2415 276 2453 non
295 2395 453 2455 omittendi
470 2395 581 2455 videtur
600 2394 803 2474 Porphyrionis
825 2396 862 2454 ad
882 2397 909 2456 h.
934 2396 954 2455 l.
979 2399 1142 2458 annotatio:
1169 2395 1300 2473 „blludit
1324 2394 1363 2452 ad

219 2496 379 2574 insiliam,
401 2495 446 2555 cui
464 2497 651 2560 alexandro·
671 2515 787 2575 pueram
807 2497 897 2558 Pollio
917 2498 1047 2558 dominus
1068 2501 1145 2558 dono
1166 2495 1282 2558 dedit.“
1317 2494 1363 2556 De
1495 2557 1498 2562 .

218 2599 271 2658 bac
290 2617 321 2658 re
340 2599 461 2660 delicata
481 2600 531 2678 qui
550 2599 629 2676 plura
652 2598 725 2658 scire
746 2601 855 2679 cupiet,
881 2619 945 2660 erm
966 2601 1177 2660 arnandabimus
1202 2600 1239 2659 ad
1262 2597 1363 2676 Spoli-

217 2701 263 2758 nis'
281 2700 487 2778 Prolegornena
507 2703 546 2762 ad
566 2703 643 2779 Virg.
666 2701 727 2764 Ecl.
753 2703 781 2764 2.
802 2721 832 2780 p.
856 2700 906 2767 24.
936 2702 1001 2762 coll.
1029 2701 1189 2764 Wciclrert.
1216 2703 1252 2760 de
1269 2699 1362 2760 Lucio

218 2803 300 2862 Vario
318 2801 410 2862 Poeta
428 2821 457 2880 p.
475 2805 516 2868 88
530 2824 595 2882 sqq.
614 2811 644 2864 et
659 2804 821 2864 filandm
836 2805 865 2862 in
884 2805 970 2881 „Cei
985 2804 1058 2868 Ciln.
1073 2804 1225 2879 Maecen,“
1245 2823 1275 2881 p.
1292 2803 1362 2866 127.

300 2903 337 2962 V.
359 2906 400 2966 76
419 2935 460 2948 -·
479 2904 529 2967 85.
566 2902 695 2964 Tertium
714 2911 913 2985 praeceptum,
935 2925 991 2984 qno
1013 2907 1049 2966 dc
1062 2903 1220 2966 bominibus
1242 2909 1363 2982 patrono

218 3012 293 3066 recte
314 3005 541 3066 commendandis
559 3007 662 3083 agitur.
692 3007 867 3068 Sententiam
888 3014 981 3067 autem
999 3007 1122 3066 exomni
1140 3012 1221 3085 parte
1241 3003 1363 3083 quadra·

217 3122 288 3168 tam:
310 3109 359 3186 „si
375 3107 426 3166 tibi
447 3107 565 3181 accidit,
587 3119 617 3166 ut
637 3108 778 3168 bominem
791 3109 903 3185 patroni
922 3108 1045 3167 amicitia
1059 3107 1205 3184 indignam
1219 3123 1363 3166 commcn-

216 3216 318 3287 ‹lares,
345 3231 426 3286 eum,
452 3209 514 3286 ipse
540 3208 692 3288 deceptus,
720 3229 757 3270 ne
778 3227 873 3268 coram
893 3227 962 3287 rege
988 3209 1211 3268 erubescendum
1232 3208 1286 3267 tibi
1313 3209 1361 3284 sit,

217 3315 274 3374 noli
288 3313 361 3373 tucri
381 3311 518 3390 amplius,
541 3311 649 3389 utplus
665 3310 770 3372 babeas
785 3313 980 3388 auctoritatis,
1003 3330 1060 3389 qua
1080 3311 1170 3370 virum
1183 3310 1233 3370 tibi
1247 3315 1363 3390 specta-

217 3427 293 3492 tum,
315 3415 369 3474 sed
391 3415 470 3473 salsis
489 3412 613 3472 sortasse
634 3413 873 3474 criminationibus
896 3414 1128 3489 circumventum,
1149 3414 1256 3472 tuearis
1277 3413 1363 3490 idque

216 3537 251 3577 eo
271 3515 382 3593 magis,
403 3533 460 3592 quo
474 3515 581 3582 ⁴certius
603 3521 632 3576 et
649 3516 836 3576 confidentius
850 3515 897 3575 illc
912 3523 961 3576 tuo
976 3516 1104 3575 innititur
1119 3515 1283 3595 pracsidio“
1305 3519 1362 3580 etc.

215 3623 235 3679 ii
255 3620 429 3694 deformant,
456 3617 586 3694 quicum
611 3617 758 3677 Ascanaio
767 3659 779 3689 ,
805 3615 937 3688 laonio,
960 3615 1132 3687 Schmr'clio,
1159 3615 1313 3674 Da'iratsaro
1333 3620 1363 3676 et

216 3721 449 3800 Dillcnburgcro
473 3719 638 3779 vocabulum
666 3730 700 3778 ut
726 3741 779 3800 pro
805 3719 942 3797 particula
966 3721 1158 3798 comparativa
1182 3719 1302 3796 habent,
1331 3723 1363 3778 ut

216 3826 357 3885 sententia
380 3825 430 3882 sit:
465 3823 582 3900 „sicut,
610 3824 847 3902 quemadmodum
867 3824 979 3902 penitus
999 3829 1083 3882 notua
1106 3821 1235 3882 omnibns
1257 3820 1362 3879 viribus

216 3927 365 3998 tutandus,
388 3926 544 3984 serrandus
564 3928 641 3984 cst.“
669 3926 772 3986 Talem
794 3927 879 4004 igitur
900 3923 1054 4002 particulae
1077 3943 1159 3984 urum
1178 3925 1208 3982 in
1229 3924 1282 3982 hac
1299 3921 1362 3999 qui-

216 4033 281 4090 dem
297 4026 443 4086 verborum
461 4030 594 4106 junctura
619 4047 740 4107 unquam
765 4029 910 4087 inventum
935 4025 969 4084 iri
986 4027 1049 4102 jure
1069 4027 1184 4105 negarit
1212 4023 1360 4096 Orellius5

216 4131 290 4190 coni.
312 4128 396 4187 etiam
414 4129 465 4192 Fr.
489 4127 606 4189 Jacobs.
629 4130 664 4190 V.
683 4150 713 4209 p.
734 4130 785 4193 93.
808 4127 941 4202 Bentleji
960 4135 1055 4188 antem
1075 4129 1254 4205 conjectura,
1276 4143 1361 4204 quam

216 4229 341 4293 annuitis
356 4229 508 4290 editoribus
525 4234 737 4311 comprobatam
753 4231 875 4292 mireris:
897 4230 945 4289 At
955 4233 1094 4308 penitus,
1115 4230 1156 4288 ita
1168 4227 1279 4286 vacillat
1295 4247 1362 4286 scn-

215 4336 423 4413 tentiarumquc
444 4339 571 4396 ordinem
591 4335 756 4416 disrumpit,
778 4342 810 4394 ut
830 4334 945 4394 verbum
966 4353 1024 4394 non
1044 4333 1156 4392 addam.
1192 4329 1358 4408 improban-

217 4441 271 4500 dus
292 4439 443 4519 &aquius
466 4459 580 4518 qnoque
599 4457 651 4498 sua
678 4444 709 4498 ct
729 4437 880 4498 verborum
900 4436 1104 4515 compositione
1125 4437 1155 4492 et
1175 4431 1361 4511 explicatione

215 4547 274 4600 est:
295 4540 383 4618 „Noli
400 4542 490 4618 tueri,
511 4561 597 4620 quem
615 4541 830 4616 commendasti,
852 4540 877 4598 si
896 4540 926 4598 in
941 4538 1023 4618 culpa
1038 4537 1077 4598 ait
1094 4535 1242 4612 inventus,
1261 4553 1360 4614 quem·
