3380 5324
224 501 263 567 21
308 497 516 560 OOMMENT.
532 497 575 561 ΙΝ
589 499 682 562 HOR.
697 499 771 560 LlB.
789 501 811 562 l.
840 500 963 563 lil'lST.
977 501 1086 565 SEPT.
1101 503 1232 565 DECIM.
1298 497 1363 566 ³69

222 667 376 728 madidum
405 669 506 740 (Orell.
534 671 572 730 ad
598 669 704 730 Arnob.
730 671 766 746 5,
791 667 850 750 1.),
882 671 923 732 ita
949 673 1009 750 hic,
1040 675 1088 734 ubi
1118 677 1156 734 de
1180 693 1232 734 esu
1257 672 1363 750 agitur,

222 779 311 829 uncto
331 771 486 830 contrarius
506 777 566 848 cst,
589 779 621 831 ut
641 774 768 849 mireris,
787 769 1007 853 Huberseldsrm
1027 775 1115 835 verbo
1134 775 1249 834 nimium
1264 775 1362 834 inhae-

222 879 330 931 rentem
350 859 409 930 non
434 884 556 932 unctum
577 873 758 936 intellexisse.
797 875 901 954 Neque
926 895 998 955 opus
1026 877 1152 951 videtur,
1180 879 1274 933 stocos
1297 893 1362 935 cum

229 973 376 1032 quntrb
391 973 594 1059 ξηροφᾶγους,
609 977 710 1055 quibus
725 975 831 1054 Cynica
843 995 934 1037 coena
947 986 1124 1058 apponatur,
1137 983 1252 1058 putare,
1272 995 1363 1056 quan-

221 1093 306 1153 quam
318 1075 543 1136 Christianorum
563 1079 744 1161 &oppugnarint
764 1080 793 1137 in
810 1081 925 1159 Jejuniis
939 1082 1014 1159 apud
1030 1079 1254 1152 Tertullianum,
1274 1084 1307 1138 ut
1324 1077 1362 1140 de
1385 1091 1391 1102 “

221 1175 314 1254 Jejun.
334 1177 363 1240 5.
385 1180 424 1258 (p.
447 1178 509 1244 704
529 1179 662 1258 Rigalt),
683 1181 846 1239 notissimae
868 1185 942 1240 sunt.
984 1182 1115 1242 Orellrirs
1134 1183 1279 1258 comparat
1297 1181 1363 1238 vic-

223 1286 287 1335 tum
307 1277 427 1337 aridum
446 1281 521 1359 apud
543 1281 604 1341 Cic.
625 1301 669 1360 pr.
688 1282 774 1342 Rosc.
801 1279 864 1345 Am.
886 1285 936 1359 27,
958 1283 1009 1347 76.
1057 1285 1096 1344 st
1115 1299 1163 1341 res
1182 1299 1241 1339 non
1262 1283 1362 1340 eadem

223 1385 278 1443 est.
321 1379 403 1441 Nilus
424 1401 471 1460 ap.
498 1381 586 1442 Orell.
607 1383 730 1463 (Opnsc.
752 1381 855 1442 Graec.
877 1383 913 1443 ll.
931 1405 960 1463 p.
979 1379 1056 1462 416)
1084 1377 1267 1464 quoilarov
1287 1375 1363 1464 ppt·

223 1501 304 1562 νημα
325 1481 358 1544 is
375 1476 513 1564 ξηρότητι
532 1485 661 1563 διαίτης·
680 1479 773 1566 nippis
793 1482 826 1547 di
847 1484 914 1564 βίος
935 1486 1065 1565 βαπτίζει
1082 1489 1159 1548 νοῦν
1177 1483 1220 1557 sir
1247 1477 1357 1564 βυθόν.

304 1583 338 1640 V.
360 1585 400 1647 18
419 1617 462 1629 -
485 1587 534 1646 17.
570 1585 606 1642 Si
622 1587 782 1663 pranderes
802 1619 845 1636 —
865 1589 1018 1647 sementia.
1059 1586 1127 1665 „lit
1148 1602 1217 1644 sane
1236 1589 1363 1663 praestat

222 1685 347 1762 potentis
366 1684 447 1744 amici
467 1685 654 1745 familiaritate
674 1679 817 1768 sapienter
843 1691 885 1747 uti
906 1707 988 1767 quam
1011 1707 1044 1748 oa
1070 1707 1124 1767 per
1141 1687 1282 1763 ingenium
1302 1687 1363 1744 ior·

222 1791 301 1844 tasse
314 1800 418 1864 parum
443 1786 574 1847 versatile
598 1789 638 1846 uti
664 1788 769 1848 nolle.“
812 1788 893 1849 Hanc
919 1790 1087 1850 sententiam
1115 1789 1206 1848 Poeta
1233 1787 1362 1869 exemplo

222 1886 358 1966 Aristippi
388 1885 524 1964 Dionysio
552 1889 647 1949 Siculo
665 1893 822 1950 amicissimi
845 1898 876 1951 et
902 1887 1041 1970 Diogenis
1068 1889 1230 1969 (usquead
1250 1889 1363 1970 aaa.)

222 1987 353 2068 explanat
373 1996 408 2049 et·
424 1989 533 2051 dilatat.
582 1989 637 2050 alii
658 1993 783 2071 singulas
811 1993 883 2052 illius
905 1993 1025 2074 exempli
1050 1999 1147 2073 partes
1174 1991 1304 2051 subtilius
1324 1991 1363 2050 ri·

221 2097 331 2152 mantes
351 2091 404 2151 hoc
423 2092 478 2152 dici
499 2093 664 2172 opinantur,
684 2095 793 2174 „rufius
814 2113 877 2154 esse
898 2097 1009 2174 utrique
1029 2098 1069 2156 rei
1090 2097 1166 2155 ritae
1185 2101 1216 2153 st
1235 2095 1317 2152 inerti
1329 2098 1364 2152 et

222 2201 353 2256 actuosae
373 2193 572 2273 officiosaeque
590 2202 688 2276 aptum
708 2215 789 2273 esse,
808 2202 841 2254 nt
860 2197 907 2274 qni
929 2197 1004 2257 illam
1025 2205 1173 2277 sequatur,
1196 2195 1269 2255 hanc
1289 2215 1363 2273 quo·

223 2304 279 2377 qu'e
299 2300 379 2376 sequi
396 2316 454 2356 non
473 2298 613 2356 nesciat.“
655 2300 736 2370 Quae
752 2303 850 2375 partes
870 2297 899 2356 in
920 2297 980 2377 luae
993 2318 1025 2359 re
1045 2300 1099 2380 ipsi
1113 2300 1240 2358 Scaevae
1252 2297 1363 2355 dandae

222 2402 299 2477 sint,
328 2402 390 2478 quis
413 2405 457 2459 ert
481 2401 527 2478 qni
551 2418 605 2478 pro
628 2403 772 2477 comperto
793 2398 916 2458 habenti
953 2402 1119 2480 Quanquam
1143 2405 1228 2476 sunt,
1259 2401 1363 2478 quiex

222 2501 275 2561 hac
291 2501 384 2581 lepida
402 2501 607 2561 narratiuncula
625 2503 763 2561 Scaevam
777 2501 967 2580 potentiorum
988 2519 1067 2561 usum
1090 2509 1258 2562 extenuasse
1276 2506 1364 2579 atque

221 2603 361 2682 abjecisse
380 2603 556 2664 concludant.
599 2603 690 2678 Quid,
717 2601 795 2680 quod
815 2605 852 2662 de
881 2605 1020 2664 sententia
1044 2603 1172 2684 Gruquii
1198 2603 1280 2682 „sub
1297 2622 1364 2685 per·-

221 2725 294 2766 sona
314 2705 449 2784 Diogenis
469 2705 603 2766 Horatius
624 2724 642 2764 a
662 2705 771 2764 Scaeva
795 2708 927 2782 notatus,
954 2707 1035 2785 quasi
1054 2702 1228 2768 Maecenatis
1254 2712 1285 2766 et
1304 2705 1364 2765 Διι-

223 2808 299 2886 gusti
324 2808 534 2888 principumque
558 2809 680 2866 virorum
704 2811 883 2882 asseram,
913 2823 975 2866 enar
1000 2809 1053 2868 rub
1079 2810 1217 2889 Aristippi
1241 2823 1365 2889 persona

222 2909 381 2986 remordet,
408 2913 541 2986 tanquam
562 2909 755 2966 incomliorem
775 2907 996 2985 ineptioremque
1016 2925 1099 2987 qnam
1119 2911 1167 2987 qui
1188 2909 1303 2987 regibus
1324 2909 1365 2966 uti

222 3015 323 3068 uomet
344 3009 441 3086 eisque
462 3008 643 3072 convivere.“
676 3005 769 3066 Verba
786 3005 923 3084 Diogenis
945 3008 1042 3086 Cynici
1060 3011 1135 3088 apud
1158 3009 1245 3088 Diog.
1266 3009 1365 3069 Laert.

223 3113 257 3188 2,
279 3111 333 3174 68:
364 3107 519 3192 liupiowoi
542 3132 614 3174 nore
635 3102 729 3172 crisis
747 3100 965 3188 (Ἀρίστιππον)
983 3107 1097 3190 leignon
1114 3106 1238 3173 erlinus
1259 3106 1365 3192 Asopi-

223 3233 282 3294 ἠς
304 3210 422 3288 ἔσκωψε
441 3211 494 3274 arni
514 3231 625 3292 φησιν·
649 3209 676 3274 εἰ
695 3209 790 3274 scrire
809 3209 919 3291 ἔμαθες
938 3209 1161 3293 προφέρεσθαι,
1184 3205 1241 3275 oris
1262 3205 1301 3274 riv
1317 3232 1366 3273 ru·

224 3308 459 3398 &vano-udicis
480 3307 679 3396 ἰθερᾶκινες,
705 3309 739 3376 ‘0
758 3309 805 3387 di,
823 3311 876 3376 sni
897 3305 950 3389 rai,
978 3307 1080 3387 slusa,
1102 3314 1185 3394 simp
1205 3309 1289 3400 ᾔδεις
1309 3308 1366 3376 ris·

223 3411 364 3498 me'rsosg
380 3413 511 3497 ὁμιλεῖν,
535 3409 592 3478 oria
613 3409 652 3478 cir
672 3410 786 3496 rogaro
806 3413 946 3494 ἔπλυνες,
974 3421 1003 3475 et
1023 3419 1099 3494 apud
1122 3417 1217 3476 Valer.
1237 3415 1314 3476 linx.
1333 3411 1366 3490 4,

223 3519 254 3582 3.
280 3524 389 3578 extera.
416 3517 446 3582 4.
475 3518 571 3578 Simile
595 3520 727 3597 quiddam
754 3517 906 3578 amodes
935 3517 1059 3593 Cynicos
1085 3516 1232 3598 Aristippo
1260 3517 1365 3577 dixisse

224 3621 315 3681 fertur
341 3619 416 3700 apud
444 3621 565 3680 eandem
586 3619 670 3699 Diog.
695 3619 792 3680 Laert.
815 3621 845 3698 2,
868 3621 939 3684 1⁰2.
979 3617 1182 3680 cornardus
1203 3619 1278 3680 illam
1305 3638 1365 3678 rs·

224 3721 297 3782 inter
316 3721 477 3799 Diogenem
497 3728 527 3781 et
547 3721 694 3782 Platonem
713 3721 815 3780 iactam
837 3724 868 3797 6,
890 3721 940 3785 58.
967 3727 1089 3781 enarrat.
1109 3717 1218 3782 Locum
1237 3723 1266 3780 iu
1287 3739 1366 3782 suan

225 3843 285 3883 rem
302 3825 441 3884 convertit
460 3825 562 3884 Joaun.
591 3823 739 3886 Saresber.
768 3823 847 3901 Nug.
877 3821 981 3882 Curial.
1009 3821 1039 3892 ὓ,
1069 3821 1119 3886 17.
1154 3824 1269 3902 „Quum
1297 3837 1366 3880 vero

225 3923 440 4005 philosoplsndi
459 3925 518 3984 sint
536 3925 642 3985 multae
660 3925 796 4001 semitae,
816 3924 864 3985 illa
877 3943 947 4003 prae
967 3923 1071 3982 ceteris
1088 3923 1156 3981 milri
1171 3922 1282 3983 ridetur
1301 3938 1366 3982 esse

225 4025 349 4086 nobilior
368 4031 398 4086 et
420 4026 603 4105 laudabilior,
636 4027 720 4105 ριιαο
739 4027 782 4085 rio
799 4026 931 4104 prandet
951 4023 1018 4083 olus
1031 4026 1201 4104 patienter,
1227 4023 1315 4082 ntus
1332 4034 1367 4082 ut

227 4129 274 4186 uti
288 4125 430 4198 Noverit,
451 4138 478 4186 et
496 4147 593 4186 rerum
610 4149 688 4208 quas
701 4130 744 4188 sic
758 4138 893 4187 verscmr
905 4131 937 4188 r'n
958 4147 1036 4199 usu,
1055 4133 1087 4186 ut
1104 4125 1165 4187 olus
1180 4131 1209 4186 et
1225 4125 1368 4202 quaelibet

226 4235 368 4290 extremae
378 4234 551 4308 paupertatis
564 4231 657 4306 xenia,
671 4231 757 4292 docta
768 4231 805 4290 sit
814 4249 872 4289 non
882 4229 1042 4312 fastidiress
1067 4227 1161 4288 Verba
1171 4233 1365 4306 nutanpran·

226 4330 297 4392 dete
315 4327 382 4388 οἶαι
395 4331 544 4407 parum
563 4331 638 4390 idem
655 4331 715 4392 lere
734 4331 895 4410 significant
916 4333 993 4410 quod
1010 4329 1077 4390 οἱω
1096 4350 1232 4390 neeman
1251 4331 1313 4390 Sat.
1336 4331 1366 4405 2,

227 4433 260 4508 7,
281 4431 333 4494 30.
358 4436 388 4492 et
407 4446 511 4490 smera
528 4429 647 4510 putsHa
665 4432 794 4509 Penii,
817 4434 884 4510 26„
909 4435 927 4492 i.
949 4452 975 4492 e.
995 4433 1115 4492 animum
1124 4447 1224 4511 perro
1250 4435 1367 4492 contu·

227 4537 296 4606 tum.
342 4531 419 4594 Num
445 4532 500 4592 lroc
523 4534 587 4613 ipso
610 4529 783 4612 prandendi
807 4533 897 4593 verbo
925 4533 995 4593 leris
1020 4549 1054 4592 ac
1079 4531 1142 4590 silis
1168 4531 1247 4592 cibus
1269 4531 1314 4610 (6,
1333 4528 1366 4610 2)
