3420 5332
218 531 260 596 83
296 528 509 592 ΟΟΜΜΕΝΤ.
525 527 674 592 lNHOR.
690 529 799 592 5151.
823 529 944 592 nrrsT.
958 527 1264 594 1100011Ὴο0801.
1298 525 1361 592 431

219 717 303 778 quun
324 699 392 760 sinit
410 705 440 760 et
460 705 598 779 perpetuo
622 703 739 765 rexut.“
777 701 825 760 Sic
843 700 946 762 rectius
971 699 1102 760 oronim
1121 717 1205 777 quum
1233 697 1363 756 175515-

218 801 304 877 gius.-
325 801 432 878 „qniu,
453 803 501 877 qui
521 802 615 862 divitis
637 803 749 883 petroni
768 811 887 864 venatur
902 804 1038 879 gretiam,
1059 802 1219 879 importuno
1236 805 1364 878 tempore

218 901 343 962 habendi
364 903 544 980 cupiditatem
560 905 694 964 ostendit
701 908 720 942 “
756 907 879 966 Sinistre
899 907 943 966 tn'c
964 904 1049 964 sentit
1068 900 1154 960 Lollii
1180 900 1364 978 rapacitatem

219 1001 375 1062 anukiuu.
415 1004 474 1064 Sed
501 1005 629 1065 similiter
650 1009 811 1085 pauperies
834 1013 1006 1086 importuna
1032 1003 1089 1068 05.
1110 1001 1141 1077 3,
1163 1003 1215 1078 16,
1236 1001 1287 1063 37.
1317 1000 1364 1060 ubi

217 1105 283 1164 vide
305 1105 577 1166 Mitrolreriiolrium
597 1117 626 1170 et
646 1109 682 1169 de
702 1110 842 1186 Adjeotiri
860 1111 989 1188 positure
1009 1123 1075 1164 uun.
1095 1103 1132 1162 55
1157 1105 1207 1180 17,
1228 1099 1279 1166 54.
1320 1103 1364 1162 Ad

217 1205 425 1266 similitudinem
439 1207 546 1268 iaciunt
566 1211 627 1270 Cic.
648 1211 741 1291 Epist.
763 1212 801 1270 ud
820 1213 875 1280 Qu.
897 1209 993 1284 lue,
1014 1207 1044 1269 5.
1065 1224 1120 1262 nec
1139 1203 1263 1262 honoret
1282 1205 1363 1272 titio,

218 1327 272 1365 nro
291 1307 424 1368 donoro
441 1310 583 1387 gloriam.
620 1313 665 1374 15.
687 1317 724 1374 55
746 1315 797 1373 Or.
814 1315 845 1386 3,
861 1313 914 1389 20,
934 1309 984 1373 75.
1016 1306 1152 1366 Paulum
1168 1307 1269 1364 ciuem
1289 1307 1364 1364 iera-

218 1429 286 1466 rum
306 1411 430 1470 artium.
471 1413 572 1473 01555.
594 1416 630 1475 de
651 1415 743 1476 Laud.
765 1417 828 1476 Stil.
849 1419 885 1490 2,
909 1413 977 1478 112.
1019 1408 1096 1470 Plu
1123 1410 1225 1470 811οΜ
1246 1407 1365 1486 patui&

218 1512 347 1574 rimatur
357 1511 508 1592 saucibus
528 1535 648 1578 altrum.
680 1521 714 1578 1.
734 1518 808 1580 Geli.
824 1519 874 1591 12,
890 1519 917 1581 2.
949 1513 1096 1572 hominem
1111 1529 1241 1568 uvarum
1258 1512 1364 1570 atavi·

218 1611 291 1672 ctum
313 1625 341 1671 et
353 1619 502 1692 pecuniae
516 1617 669 1678 sitientem.
701 1620 786 1680 Cous.
802 1617 897 1678 Lubk.
911 1615 948 1674 55
962 1617 994 1692 2,
1008 1618 1039 1689 2,
1056 1614 1096 1678 13
1109 1645 1152 1658 -··
1166 1614 1216 1680 10.
1236 1611 1362 1672 Schmin.

217 1716 255 1774 55
276 1715 368 1795 Epist.
393 1719 429 1787 2,
451 1722 485 1788 2,
509 1719 579 1783 146.
600 1717 694 1780 Peter.
716 1721 755 1780 55
774 1721 834 1783 Cio.
854 1719 936 1778 Brut.
954 1716 987 1794 4,
1011 1720 1058 1780 16.
1089 1717 1139 1776 sie
1158 1724 1188 1776 et
1210 1715 1314 1775 Graeci
1333 1723 1364 1774 ut

218 1815 348 1896 Xenoph.
367 1818 473 1897 Cyrop.
492 1818 524 1896 1,
545 1824 576 1896 6,
601 1823 649 1886 15.
681 1821 814 1880 5555155.
833 1819 908 1878 0151.
930 1819 961 1894 3,
982 1817 1010 1880 5.
1039 1817 1148 1894 evang.
1165 1815 1265 1880 notu.
1286 1816 1318 1892 5,
1334 1818 1363 1878 6.

218 1919 259 1980 ib.
279 1917 468 1980 11515551-
482 1924 650 2003 famesque.
684 1925 727 1982 ltu
747 1923 806 1982 Od.
824 1925 854 1994 3,
871 1923 988 1996 16,18.
1020 1920 1235 1998 Majorumquo
1247 1917 1362 1997 samer.

218 2019 298 2099 Virg.
321 2022 393 2082 ten.
412 2023 445 2100 3,
463 2023 514 2086 67.
535 2025 588 2104 (ib.
614 2024 746 2103 Forbig.)
773 2023 856 2082 Auri
873 2041 963 2080 oaura
979 2021 1089 2100 famer.
1128 2021 1213 2082 Cous.
1234 2019 1362 2081 Sthwub.

217 2123 256 2181 55
272 2121 394 2189 Phuedr.
419 2130 448 2198 1,
471 2128 523 2202 27,
545 2129 576 2190 5.
595 2159 638 2172 --
658 2127 694 2183 V.
715 2125 766 2190 24.
801 2125 895 2202 Quem
916 2121 1063 2202 -sngu
1101 2122 1179 2184 11555
1198 2121 1286 2180 verbu
1301 2121 1363 2199 ple·

215 2225 298 2301 rique
318 2245 371 2304 pro
391 2227 587 2306 explanatione
608 2237 693 2307 utque
712 2228 927 2308 amplificatione
947 2227 1106 2288 sententiae
1119 2230 1185 2286 unte
1198 2223 1364 2303 propositae

216 2325 280 2386 culi.
306 2331 336 2404 1,
354 2327 397 2392 43
416 2359 458 2376 -
479 2331 533 2394 46.
554 2330 677 2407 hubent,
702 2331 755 2391 red
774 2333 830 2390 duo
851 2333 946 2409 potius
968 2329 1109 2392 homiuum
1134 2341 1239 2404 genera
1259 2331 1362 2386 noton-

215 2435 280 2505 tur,
307 2449 393 2490 unum
414 2451 529 2510 eornm,
559 2437 609 2512 qui
636 2435 754 2494 avaritie
777 2436 913 2494 ardentes
934 2431 1017 2510 ptura
1038 2428 1202 2505 majoreque
1227 2433 1363 2506 appetere

216 2547 274 2588 non
302 2532 453 2610 desinunt,
483 2534 603 2596 atterum
631 2537 715 2616 paulo
742 2537 918 2614 quietorum,
948 2551 1020 2610 quos
1046 2537 1154 2591 tantun
1178 2528 1250 2590 mule
1277 2528 1363 2590 hebet

215 2639 381 2712 paupertas.
413 2636 536 2696 Similem
552 2639 754 2699 sententiarum
764 2639 891 2698 ordinem
905 2633 1116 2698 observavimus
1131 2631 1167 2692 ud
1182 2634 1212 2706 6,
1227 2633 1300 2694 5-·
1312 2632 1361 2696 11.

214 2731 262 2794 De
282 2752 314 2796 re
336 2738 374 2799 oi.
396 2738 454 2798 Od.
474 2739 506 2814 3,
529 2738 581 2818 24,
602 2739 654 2805 42.
673 2741 726 2820 (ib.
747 2739 872 2818 Mitueh.)
901 2739 1058 2816 Magnum
1075 2736 1233 2812 pauperior
1253 2751 1363 2810 oppro-

216 2834 324 2896 brium.
356 2836 421 2898 Liv.
444 2840 501 2913 34,
520 2840 559 2918 4,
584 2843 632 2906 13.
665 2845 817 2902 Pessimus
831 2841 932 2919 pudor
953 2839 995 2898 ert
1018 2835 1067 2896 vei
1088 2837 1295 2914 parcimoniae
1315 2835 1364 2894 vei

212 2941 420 3016 paupertati&
450 2941 505 3000 ulie
524 2949 618 3002 autern
638 2950 780 3007 sententie
800 2947 863 3005 Jur.
886 2947 924 3019 6,
942 2941 1014 3004 357.
1037 2938 1091 3016 (ib.
1112 2937 1248 3015 Rupert)
1274 2938 1363 2995 nulla

217 3039 342 3119 (mulier)
358 3037 508 3120 pudorem
531 3045 725 3122 Paupermu
751 3045 849 3110 habet.
891 3044 1086 3121 Paupertate
1105 3041 1188 3119 suga
1208 3039 1311 3100 dieitur
1332 3048 1362 3100 ut

218 3141 355 3203 bellandi
367 3143 449 3224 suga
470 3163 516 3224 ap.
537 3147 595 3207 Cic.
618 3147 654 3206 de
677 3149 762 3207 offic.
783 3151 814 3225 1,
837 3145 888 3222 23,
908 3145 950 3221 4.,
966 3139 1098 3222 periculi
1107 3141 1195 3220 suga
1218 3144 1247 3216 1,
1262 3138 1314 3216 24,
1333 3143 1362 3204 2.

218 3251 248 3304 et
265 3245 345 3324 suga
362 3246 515 3305 volnerum
534 3257 589 3304 aut
605 3251 707 3308 neutris
724 3249 801 3330 upud
822 3247 883 3311 Liv.
899 3249 952 3325 38,
974 3248 1026 3322 40,
1048 3245 1097 3310 16.
1114 3242 1160 3304 rel
1177 3235 1234 3324 triv
1254 3241 1362 3305 uevroiv

217 3349 377 3430 διαφυγεῖν
396 3351 473 3430 upud
495 3349 611 3416 Lucieu.
632 3353 669 3410 de
691 3351 815 3412 Merced.
835 3351 966 3410 conduct.
988 3349 1018 3411 5.

302 3449 338 3509 V.
361 3451 464 3514 25-
486 3454 536 3515 27.
558 3453 777 3512 diveoamiom
800 3453 896 3530 Saepe
919 3485 955 3495 -
978 3450 1053 3510 vult.
1090 3450 1121 3509 {n
1142 3451 1195 3509 hoc
1215 3467 1362 3510 commuue

217 3551 360 3612 hominnm
379 3551 478 3614 vitium
505 3555 580 3614 coni.
602 3555 663 3614 cte.
690 3553 773 3613 Leei.
795 3557 852 3630 22,
874 3555 927 3617 82.
973 3553 1035 3612 Sed
1055 3551 1194 3632 plerique
1211 3571 1361 3630 perverse,

217 3675 256 3712 ue
274 3653 374 3712 dinam
398 3655 600 3732 impudenter,
629 3657 720 3717 tatem
746 3659 878 3714 arricum
900 3653 1150 3727 inherendum,
1178 3653 1282 3735 quales
1304 3657 1363 3732 ipsi

218 3775 278 3815 erre
298 3775 359 3814 non
376 3767 512 3835 puerunt.
545 3759 645 3820 Senec.
666 3759 703 3818 de
723 3759 759 3821 ir.
778 3761 810 3835 2,
831 3761 881 3824 28.
917 3755 1031 3816 Attene
1053 3759 1126 3815 νὶιία
1140 3755 1362 3815 555551555-

219 3857 337 3918 hemur:
359 3879 380 3917 5
401 3869 482 3940 tergo
502 3871 605 3920 neutra
625 3872 704 3923 runt.
743 3861 820 3920 Inde
838 3870 898 3932 ert,
927 3861 1008 3940 quod
1027 3863 1201 3940 tempestiva
1209 3857 1277 3935 filii
1294 3877 1363 3914 corr-

219 3962 303 4018 vivia
319 3971 406 4038 puter
424 3961 549 4023 detetur
560 3963 634 4043 filio
655 3965 792 4041 oaou'got.
825 3962 949 4042 Epictet.
969 3961 1049 4028 Dira.
1068 3964 1108 4040 3,
1131 3966 1188 4036 22,
1206 3963 1257 4026 93.
1294 3958 1361 4040 Πρό

219 4056 343 4126 πάντων
365 4059 450 4126 5155
476 4061 657 4147 rfytpovuuiu
676 4055 770 4127 55τοῦ
789 4065 837 4127 riui
852 4059 1068 4146 5505555555
1089 4060 1165 4128 εἶναι
1185 4067 1240 4127 τοῦ
1258 4059 1361 4142 ritino·

220 4166 248 4229 ei
267 4161 300 4228 51
317 4161 378 4245 μή,
398 4164 547 4248 κυβευτήν
564 4161 1053 4252 ἆνάγκηκα1δᾳὸιουργᾶνεῖναι,
1075 4161 1172 4244 ὅστις,
1192 4159 1363 4245 ἓνεχόμενός

220 4291 280 4332 τινι
308 4261 396 4339 αὐτὸς
420 4271 515 4354 κακῷ,
543 4264 711 4350 interminer
739 4276 803 4344 τοῖς
832 4261 943 4342 ἄλλοις.
981 4267 1054 4328 Piin.
1080 4269 1170 4348 Epist.
1193 4269 1229 4345 8,
1251 4269 1309 4343 22,
1334 4271 1361 4328 i'.

221 4367 348 4430 Pertinet
373 4369 429 4428 huc
455 4369 522 4430 iilud
551 4391 663 4450 quoque
688 4371 749 4432 sat.
773 4373 808 4448 1,
834 4370 873 4448 3,
897 4371 948 4434 23.
976 4371 1026 4448 (ib.
1045 4369 1197 4446 Wirstem.)
1229 4369 1297 4448 Ego
1321 4371 1362 4424 mi

221 4474 349 4550 ἱμωοο.
382 4471 510 4534 Ridicule
531 4479 625 4532 nutent
647 4480 677 4532 et
695 4467 776 4552 erupti
797 4472 996 4551 aperiuntur,
1017 4474 1047 4532 id
1067 4473 1144 4549 quod
1164 4479 1243 4532 reete
1263 4491 1362 4532 sense·
1440 4470 1441 4473 ’

223 4580 289 4631 runt
307 4575 477 4634 Terrenum
491 4579 521 4631 et
540 4571 688 4645 Oreltiur,
706 4576 875 4632 instructior
893 4575 1033 4654 „perinde
1050 4593 1085 4632 55
1099 4575 1122 4633 si
1136 4574 1254 4634 fundum
1273 4575 1362 4652 probe

1047 4672 1114 4737 nu*
1131 4673 1200 4756 (ou
