3372 5328
178 495 218 560 27
265 486 768 552 conuuNT.1N.uoR.Llu.1.
799 487 926 548 EPIST.
940 489 1059 551 TERT.
1077 487 1210 550 DEClM.
1255 480 1316 549 187

174 683 261 758 gasto
279 683 397 758 propter
413 676 593 737 timiditatem
609 677 638 738 in
655 677 738 736 dictio
758 677 797 736 sia
816 677 979 736 inconstans
994 675 1040 734 vel
1056 675 1108 733 tibi
1127 673 1225 733 blaeso
1244 675 1318 732 titu-

176 780 222 839 bet
243 779 351 858 lingua
370 796 440 836 cono
461 775 558 855 (ovid.
581 775 615 838 l.
637 779 673 844 A.
698 781 733 855 1,
754 777 826 841 595.
860 777 978 837 Terent.
999 777 1102 836 ueaut.
1124 779 1160 855 2,
1183 778 1221 853 3,
1245 777 1316 840 120.

173 883 267 944 Plaut.
296 880 356 940 Mil.
382 879 420 957 gl.
448 881 482 954 2,
509 882 545 956 2,
573 879 623 942 93.
653 878 718 938 coll.
746 880 880 943 Pseudol.
907 879 945 960 4,
972 883 1006 956 1,
1033 879 1084 943 32.
1109 879 1148 938 ib.
1176 877 1319 956 Gronov.)

174 986 223 1044 Sic
243 983 352 1062 lingua
376 979 485 1038 acutat
509 982 611 1040 Senec.
641 981 734 1060 Epist.
757 983 808 1047 11.
830 988 859 1042 et
878 979 1010 1040 Lactant.
1037 981 1073 1038 de
1094 981 1132 1039 lr.
1151 979 1186 1056 5,
1206 981 1236 1042 8.
1269 981 1317 1038 Si-

173 1084 276 1145 militer
309 1083 430 1160 Graeci,
465 1088 497 1141 ut
528 1083 663 1144 Socraten
693 1101 742 1162 ap.
776 1082 865 1147 Orell.
895 1085 1025 1146 sentent.
1055 1088 1125 1142 vett.
1163 1082 1265 1140 Graec.
1295 1079 1318 1140 l.

174 1207 203 1266 p·
225 1187 274 1251 26·
306 1180 450 1266 Kortno'v
473 1183 534 1247 ἔστι
555 1181 692 1264 τῷ“ποδὶ
717 1174 943 1262 ὄλισθαίνεινῆ
968 1187 1006 1268 τῇ
1025 1179 1137 1267 ploinp
1146 1179 1188 1262 *).
1229 1183 1318 1260 Quid,

175 1288 254 1366 quod
274 1285 446 1365 Rappoltue
455 1281 499 1365 ⁴¹¹¹)
521 1285 599 1344 hisce
622 1283 717 1343 verbio
738 1286 890 1344 memoriae
909 1283 1145 1361 imbecillitatem,
1166 1303 1238 1361 qnae
1258 1292 1320 1343 tur-

176 1388 239 1447 bari
260 1388 424 1468 plerumque
444 1385 552 1462 soleat,
585 1403 672 1462 quum
690 1385 867 1445 offendamus
887 1393 936 1444 aut
956 1386 1145 1465 cespitemus,
1177 1386 1322 1463 significu-

176 1497 238 1552 tam
262 1491 357 1562 videt,
385 1493 417 1547 ut
436 1489 488 1546 sit:
523 1504 621 1566 „cave
642 1506 678 1545 ne
699 1487 774 1547 forte
802 1488 982 1568 impingendo
1005 1506 1077 1566 quae
1098 1489 1239 1550 inculcata
1255 1496 1322 1550 sunt

176 1593 326 1654 exanimo
353 1587 510 1650 amittas.“
555 1588 589 1648 In
614 1587 688 1648 hanc
708 1609 786 1654 auam
807 1592 977 1657 sententiam
1003 1591 1093 1672 ipsius
1119 1591 1322 1671 Porphyrionis

176 1694 408 1774 explicationem,
434 1709 518 1770 quam
537 1709 624 1770 rnpra
647 1693 749 1771 posui,
775 1693 877 1752 inscite
897 1696 1050 1771 detorquet
1070 1699 1101 1752 et
1121 1691 1157 1754 de
1176 1701 1245 1753 nota
1266 1694 1324 1752 asi-

175 1813 280 1854 norum
299 1792 490 1857 intelicirrima
506 1793 660 1871 memoria,
686 1795 724 1860 ad
746 1813 857 1862 emnam
877 1795 1032 1860 dootrinnrn
1058 1796 1158 1881 inepta
1176 1801 1207 1855 et
1227 1796 1325 1854 itenti-

177 1897 247 1954 dem
265 1893 375 1953 stimulo
396 1895 452 1954 illis
473 1895 635 1955 refricanda
656 1895 754 1954 laudat
774 1896 835 1958 Sat.
858 1897 895 1972 1,
917 1899 954 1974 1,
975 1894 1026 1962 90.
1047 1897 1097 1960 91.
1120 1898 1247 1976 Sapienti
1265 1898 1322 1955 sat!

174 1997 257 2067 Quid
282 2002 377 2054 autem
390 2016 432 2078 ⁸ex
455 1997 588 2058 Caesada
618 1997 762 2060 mentione
785 2017 812 2057 r.
838 1999 887 2060 18.
915 2000 991 2059 lacta
1012 2001 1042 2058 in
1068 2001 1129 2076 ejus
1158 1999 1324 2058 facultatem

174 2099 319 2179 poeticam
338 2098 383 2158 vel
400 2100 495 2180 potius
517 2106 626 2158 rectum
646 2118 680 2157 ae
705 2098 809 2158 subtile
830 2102 866 2160 de
887 2101 1004 2160 aliorum
1022 2109 1171 2181 poetarum
1191 2100 1323 2181 operibus

170 2200 312 2280 judicium
331 2201 486 2276 redundet,
507 2201 647 2278 significat
671 2199 860 2260 Woohooo
880 2205 910 2263 in
929 2204 1093 2284 „Imperat
1113 2203 1228 2262 Cacsar.
1250 2203 1324 2280 Aug.

175 2303 349 2381 scriptoram
367 2300 529 2379 Reliquiir“
549 2300 678 2380 (Grimae
698 2297 796 2381 1841)
817 2323 847 2382 p.
864 2307 915 2368 87.

262 2557 295 2628 l¹)
315 2559 380 2613 Dixi
399 2560 434 2614 de
454 2559 504 2614 lrac
522 2579 554 2615 ro
574 2561 602 2615 in
623 2563 767 2632 Seebodii,
790 2565 937 2632 ‚‚lrchiv“
953 2560 1129 2634 1833.11‚4.
1147 2583 1175 2635 p.
1189 2559 1241 2618 585
1255 2579 1325 2634 sqq„

176 2645 211 2698 de
225 2645 274 2698 illo
288 2660 315 2697 v.
325 2648 480 2718 frangendi
497 2663 545 2701 unu
562 2647 625 2700 addi
646 2653 739 2718 potent
758 2649 816 2703 cio.
836 2651 870 2705 de
892 2653 943 2706 Or.
958 2653 989 2721 3,
1006 2655 1036 2720 l,
1050 2653 1076 2707 7.
1097 2651 1149 2721 (ib.
1166 2649 1285 2704 Ellendt.
1299 2649 1327 2701 in

176 2731 221 2785 etl.
237 2729 316 2795 min.)
322 2734 458 2802 frangere
470 2733 655 2788 mancationes.
935 2781 946 2799 ,

246 2813 297 2882 *1)
312 2813 377 2866 Cum
391 2815 525 2885 Rappolto
539 2818 605 2870 lacit
619 2823 728 2886 praeter
742 2817 883 2874 Zur-cloiam
898 2821 1110 2891 elegantissimus
1124 2817 1215 2872 Dara:
1235 2815 1327 2884 „Para

177 2905 222 2969 et,
238 2899 324 2954 fidele
338 2901 354 2952 t
367 2915 427 2952 mon
441 2898 587 2968 intention,
603 2901 797 2971 Depecho-tob
813 2923 845 2958 ne
859 2906 977 2960 broncha
992 2907 1069 2975 point
1083 2921 1116 2960 en
1129 2907 1222 2970 route,
1242 2899 1281 2952 Et
1295 2915 1329 2951 no

175 3002 213 3040 ra
228 3002 281 3055 pao
296 2981 400 3036 onblier
413 2989 442 3036 ta
455 2981 563 3051 locoa.“
588 2986 756 3056 Compenon:
776 3005 829 3056 „ne
844 2991 978 3044 bronchoa
991 3007 1039 3059 par
1055 3007 1088 3042 en
1103 2995 1196 3051 route,
1220 2991 1247 3038 et
1261 3001 1330 3036 rern-

175 3071 285 3146 pliarea
299 3085 354 3122 mea
366 3068 514 3122 intentione
528 3085 589 3122 rana
603 3069 662 3124 rien
677 3070 809 3126 oubliar.“
834 3072 963 3128 Deceliae
973 3083 1001 3128 et
1012 3075 1173 3126 Soandonua
1184 3084 1330 3139 quanquam

177 3153 365 3228 metaphoram
381 3169 406 3206 v.
423 3155 449 3208 8.
465 3153 509 3206 lrio
523 3154 672 3210 traductam
686 3155 818 3226 sentiunt,
838 3165 927 3214 tamen
947 3167 1070 3227 vortunt,
1094 3162 1122 3210 et
1136 3155 1193 3208 ille:
1217 3153 1330 3222 „Prona

177 3242 245 3298 trien
260 3239 343 3312 gardo
357 3239 391 3294 do
405 3255 438 3294 ne
452 3257 501 3310 par
516 3239 660 3309 hrouoher,
682 3255 711 3294 er
725 3241 758 3294 de
774 3259 807 3300 ne
822 3261 871 3313 pas
891 3261 1009 3316 onroyer
1024 3246 1040 3298 t
1054 3229 1186 3296 rau-l'eau'
1199 3244 1259 3292 tona
1275 3255 1330 3292 nor

178 3327 280 3382 ordrea
290 3327 325 3394 ,“
341 3323 399 3378 hier
415 3326 549 3394 ‚‚Partta‚
566 3326 659 3382 adiere
674 3343 706 3382 oe
720 3326 787 3380 faite
800 3329 877 3400 point
890 3331 923 3384 da
937 3331 1000 3384 faux
1015 3347 1078 3402 par,
1094 3336 1122 3382 ot
1135 3329 1261 3380 extentes
1275 3341 1329 3378 mer

177 3411 330 3466 intentione
350 3410 385 3463 tle
404 3410 481 3479 point
500 3427 532 3464 on
553 3411 638 3482 point.
646 3413 664 3442 “
697 3412 885 3468 nucem:
907 3415 1024 3484 „adieu,
1045 3433 1123 3488 para,
1146 3411 1282 3483 garde-toi
1295 3409 1329 3462 de

177 3497 337 3563 monebor,
357 3501 385 3548 at
398 3494 433 3552 de
445 3497 556 3550 torsaire
571 3499 587 3550 t
600 3505 643 3552 tea
661 3497 870 3552 instructiono.“
904 3501 1034 3556 Similiter
1054 3501 1112 3556 iera
1130 3503 1280 3568 nostrates,
1301 3501 1331 3548 ut

183 3582 307 3641 Verrium
321 3571 415 3650 „nica
429 3583 554 3638 ambrich
565 3583 616 3638 mir
632 3583 684 3640 dau
699 3583 850 3656 Austragf‘
