3420 5332
371 501 434 567 302
503 503 877 566 consummor.
893 501 1005 563 LIB.I.
1033 501 1156 562 EPIST.
1171 499 1281 565 SEPT.
1296 499 1432 560 Decus.
1468 497 1508 564 44

373 673 474 748 Hicine
496 669 530 736 33
549 668 926 756 περισφιιρ1ουςτήνιιερ1
946 667 1017 746 roric
1036 665 1135 744 πόδας
1159 664 1307 749 suceptae
1324 673 1386 733 sais·
1406 691 1510 754 γυναι-

371 780 438 838 κοῖν
457 770 600 855 Φιλήμων
616 775 650 838 ts
667 769 830 860 συνεφήβῳ
848 779 1018 856 προσεῖπεν.
1052 772 1137 832 033.
1157 773 1192 830 Δ.
1210 771 1246 835 Δ.
1266 773 1297 847 3,
1316 774 1389 838 272.
1408 773 1509 834 Senec.

372 877 489 957 Hippoi.
510 874 618 955 ³205.
639 911 680 922 —
699 877 734 940 V.
754 877 805 940 57.
827 879 874 935 uei
890 895 958 934 nuos
979 872 1078 932 Nulla
1089 873 1172 948 fidae
1184 907 1227 918 -
1242 873 1332 932 adsit.
1370 871 1511 932 Aristote-

372 979 408 1038 lis
428 978 481 1037 hac
503 977 539 1038 de
559 998 591 1038 re
616 999 716 1040 rocem
741 979 905 1039 multimodo
933 978 1076 1036 variarunt
1103 973 1209 1036 Latini.
1247 973 1323 1032 Hinc
1348 974 1510 1050 Hierosynn

372 1079 465 1160 Epist.
486 1081 537 1142 37.
558 1079 595 1137 ad
612 1081 715 1140 Julian.
737 1079 817 1143 Diac.
839 1079 860 1140 1.
881 1099 911 1157 p.
936 1077 1004 1140 137.
1023 1076 1175 1156 Antiquos
1193 1095 1286 1134 samo
1304 1085 1366 1134 eet.-
1389 1075 1512 1134 Menda-

373 1201 421 1240 ces
430 1183 574 1262 focium,
593 1193 627 1242 ut
647 1202 700 1239 nec
718 1201 789 1240 vera
809 1178 974 1238 dicentibus
992 1179 1140 1238 oedem
1183 1177 1346 1238 Deshilions
1365 1176 1436 1239 Fsh.
1455 1178 1512 1235 Ae-

373 1305 436 1365 sop·
457 1287 489 1360 2,
505 1286 537 1359 6,
558 1287 588 1345 7.
609 1287 639 1348 3.
665 1285 853 1362 Quicumque
869 1281 998 1340 mordas
1011 1300 1071 1339 cese
1085 1281 1215 1339 creditur
1219 1323 1231 1351 ,
1251 1279 1319 1336 licet
1334 1277 1513 1358 Aliquando

373 1407 477 1446 verum
496 1385 596 1455 dicut,
623 1385 709 1443 haud
723 1385 809 1463 jacit
825 1383 933 1459 fidem.
966 1383 1010 1442 lta
1030 1382 1090 1442 cic.
1116 1383 1152 1444 de
1179 1382 1272 1446 Dicin.
1300 1383 1332 1456 2,
1360 1383 1414 1457 71,
1442 1379 1513 1444 146.

374 1488 496 1548 Phaedr.
516 1491 552 1564 1,
576 1488 631 1562 10,
654 1490 684 1550 1.
706 1489 735 1552 2.
760 1488 873 1546 Erasm.
900 1486 1012 1563 hdegg.
1033 1484 1071 1561 4,
1095 1486 1130 1560 5,
1153 1487 1204 1548 62.
1233 1482 1297 1542 coll.
1322 1481 1447 1547 flueehk.
1476 1485 1513 1542 sd

375 1591 443 1652 Tib.
464 1590 501 1665 3,
520 1591 556 1664 6,
577 1586 628 1651 49.
663 1587 709 1649 De
732 1589 832 1667 partic.
858 1607 928 1645 mox
951 1587 1034 1665 hujus
1061 1587 1115 1647 loci
1142 1607 1199 1648 non
1221 1587 1365 1645 immernor
1389 1585 1514 1664 disputet

374 1691 520 1752 Haeduus
539 1692 577 1749 sd
597 1689 719 1750 Tursell.
743 1689 790 1752 111.
813 1708 843 1769 p.
861 1689 923 1751 656
934 1689 992 1764 **).

458 1793 493 1853 V.
524 1793 565 1856 53
587 1811 651 1869 sqq.
686 1790 753 1849 Neo
774 1789 865 1848 semel
888 1791 994 1848 ιἰνίιιιε
1013 1823 1056 1834 -
1080 1821 1121 1834 -
1148 1789 1192 1848 Ex
1217 1789 1339 1866 abrupto
1367 1784 1513 1860 subjicitor

375 1895 547 1974 exemplum,
568 1894 608 1952 uti
629 1893 748 1954 vidimus
763 1894 793 1969 6,
816 1892 885 1961 56.;
904 1897 1077 1970 quapropter
1091 1902 1177 1950 curat
1195 1909 1253 1950 non
1270 1907 1335 1950 esse
1351 1886 1512 1946 mutandum

375 2005 451 2057 recte
478 1995 638 2056 observavit
661 1993 829 2072 Xylumler.
863 1993 929 2072 Ipso
950 1999 1044 2052 autem
1070 1992 1199 2072 exemplo
1224 1990 1305 2052 simui
1326 1995 1458 2067 cerem,
1477 2007 1513 2047 ne

375 2119 441 2158 sera
458 2097 548 2156 eadee
563 2095 727 2174 prudentia
743 2095 862 2158 domno.
891 2094 1010 2153 Planus
1026 2094 1220 2173 Porphyrione
1238 2099 1353 2152 auctore
1373 2093 1513 2169 „scurra“

374 2200 533 2260 Scholiasta
553 2199 668 2278 Cruquii
689 2203 762 2257 teste
783 2217 884 2272 „erro,
912 2197 1032 2256 mendax
1050 2196 1118 2273 suit,
1146 2196 1193 2273 qui
1215 2193 1326 2254 solebat
1345 2194 1449 2254 nultos
1473 2193 1514 2252 sic

375 2303 487 2378 fallere,
508 2302 537 2359 iu
559 2319 677 2378 quorum
696 2299 823 2358 vehiculu
836 2297 950 2358 volebat
968 2297 1045 2374 tolli,
1066 2305 1097 2356 ut
1111 2297 1230 2376 fingeret
1251 2315 1284 2355 se
1299 2315 1364 2356 crus
1383 2295 1515 2372 fregisse,

375 2406 425 2484 qui
445 2411 561 2483 posteo,
581 2421 667 2480 quum
687 2419 754 2461 rere
775 2400 911 2476 fregisset
929 2405 958 2458 et
978 2400 1052 2458 idem
1069 2405 1247 2477 precaretur,
1265 2399 1292 2458 ei
1311 2418 1368 2458 non
1390 2404 1435 2458 est
1453 2415 1515 2456 crc-

376 2508 497 2565 ditum.“
529 2506 601 2564 Cum
613 2502 669 2562 hoc
688 2504 749 2562 sere
770 2502 909 2561 consentit
929 2500 1023 2576 Acro,
1044 2502 1092 2579 qui
1115 2500 1249 2578 „planum
1269 2501 1309 2559 eit
1327 2519 1431 2559 nomeu
1453 2505 1516 2558 esse

375 2606 511 2682 hominis,
533 2606 582 2682 qui
600 2605 732 2664 solebat“
757 2609 812 2666 ete.
845 2601 933 2661 Paulo
954 2602 1036 2660 aliter
1057 2601 1215 2661 Scholiasta
1234 2601 1312 2679 apud
1328 2591 1427 2661 Barth.
1443 2600 1515 2662 hdr.

375 2709 428 2780 37,
446 2710 496 2772 22.
516 2707 626 2767 Rursus
643 2704 708 2781 elii,
725 2712 757 2765 ut
776 2705 924 2762 Doeeriue
932 2745 945 2776 ,
964 2703 1120 2762 mendicum
1138 2701 1333 2778 vagabundum
1350 2701 1517 2780 intelligunt,

376 2811 426 2888 qui
445 2808 500 2868 hoc
518 2806 663 2868 mendacio
684 2783 898 2886 praetereirutee
919 2804 1059 2884 spoliandi
1080 2823 1165 2866 causa
1179 2805 1366 2866 arcessiverit.
1403 2803 1428 2860 Δ
1450 2821 1516 2862 sero

376 2930 468 2992 prope
491 2911 622 2971 afuerunt
639 2907 808 2967 Lambinus
832 2914 863 2965 et
895 2906 1064 2986 Oropum,
1091 2927 1175 2986 quum
1201 2907 1391 2986 impostores,
1421 2907 1516 2986 qunies

376 3013 453 3092 apud
468 3011 643 3072 Athenaeum
665 3009 894 3088 cephisodorus,
921 3009 1077 3070 Pantaleon
1092 3017 1121 3070 et
1137 3009 1263 3071 Matreas
1282 3012 1328 3071 iiie
1351 3010 1517 3070 Alexandri·

377 3133 430 3173 nus
450 3121 560 3190 esseut,
584 3112 756 3189 significatos
777 3116 920 3189 putarent.
950 3111 1004 3171 His
1025 3111 1152 3190 vestigiis
1169 3112 1302 3172 insistens
1316 3131 1375 3172 reru
1388 3117 1517 3172 aecuraoe

377 3214 537 3292 explanavit
557 3211 768 3284 Eichetadius,
798 3213 847 3271 Vir
867 3233 1006 3285 summus,
1031 3213 1137 3291 quippe
1159 3213 1207 3291 qui
1231 3220 1347 3274 auctore
1370 3213 1516 3273 Athenaeo

378 3318 409 3392 1,
433 3317 483 3377 16.
505 3335 535 3392 p.
558 3317 609 3376 19.
637 3313 687 3390 14,
708 3318 736 3377 1.
758 3335 788 3392 p-
810 3317 871 3380 615
892 3334 937 3393 sq.
957 3315 1020 3378 coli.
1042 3314 1169 3378 Eustath.
1191 3315 1229 3373 nd
1245 3315 1331 3374 Hom.
1359 3313 1417 3373 03.
1441 3315 1465 3372 1.
1486 3334 1517 3394 p.

379 3414 474 3478 1332.
492 3415 544 3477 39.
576 3415 660 3475 Rom.
684 3423 714 3476 et
742 3417 824 3476 Soid.
847 3437 875 3476 v.
899 3415 1042 3498 Ματρέας
1062 3415 1193 3494 planum
1220 3415 1296 3477 illurn
1321 3415 1516 3477 circulatorem

461 3672 492 3742 *)
508 3673 612 3727 Similia
624 3675 686 3728 ride
696 3675 786 3744 (quem
800 3673 843 3728 hie
856 3675 947 3730 laudat
957 3676 1129 3744 Torrentius)
1144 3677 1214 3746 apud
1224 3675 1325 3730 Polluo.
1340 3679 1420 3744 216.
1436 3678 1517 3746 7,13.

379 3760 422 3817 23.
441 3760 547 3813 Wouw.
562 3759 596 3812 ed
607 3759 715 3813 Petron.
728 3763 787 3817 126.
800 3761 889 3814 Beier.
904 3762 938 3816 ed
949 3761 1006 3816 Cic.
1017 3761 1122 3831 h'rngm.
1140 3763 1231 3818 Oratt.
1242 3779 1270 3831 p.
1282 3761 1342 3816 105.
1354 3760 1473 3834 interpp.
1484 3763 1517 3818 sd

377 3845 465 3901 Moer·
480 3863 507 3915 p.
520 3843 582 3899 302.
597 3845 640 3899 ed.
655 3844 739 3898 Koch.
755 3844 875 3906 Hildebr,
891 3847 924 3900 ed
939 3847 1042 3900 Arnob.
1058 3850 1083 3914 2,
1104 3847 1146 3902 23.
1167 3866 1195 3918 p.
1211 3845 1272 3903 156.
1290 3847 1339 3902 Fr.
1359 3847 1469 3904 Jscohs.
1484 3849 1516 3901 V.

378 3949 406 4001 p·
421 3933 482 3987 290.
498 3931 655 3984 Hsrtureun.
683 3930 747 3998 „dis
761 3931 913 3986 Hebrierin
928 3949 967 3985 ern
984 3932 1158 3986 Putatische“
1179 3931 1215 3986 11.
1230 3951 1257 4003 p.
1276 3931 1327 3986 133
1338 3935 1455 3990 -192
1469 3934 1519 3988 111.

378 4035 407 4087 p.
419 4017 523 4074 217-
533 4017 593 4072 222.
609 4014 671 4068 coil.
684 4016 781 4069 Heind.
798 4015 831 4068 sd
846 4017 905 4071 Sat.
921 4020 946 4083 2,
956 4017 983 4083 3,
997 4015 1057 4077 255.

447 4097 489 4169 **)
505 4102 628 4154 Ceterum
642 4101 745 4154 domnis
754 4101 870 4168 serique
883 4103 1028 4171 doloribus,
1042 4109 1073 4156 ut
1082 4100 1230 4172 Epitheton
1243 4107 1381 4172 utrumqne
1392 4102 1519 4156 Substan-

379 4185 462 4240 tivum
476 4185 588 4254 ettingit
608 4193 639 4239 ut
659 4188 750 4254 1,17.
772 4193 857 4240 cunco
873 4187 1024 4258 dgs'duepue
1044 4187 1162 4254 satelles,
1177 4185 1215 4240 ih.
1230 4186 1274 4240 33.
1294 4189 1391 4242 Fervet
1407 4187 1519 4241 nevi&

379 4269 522 4338 uteroque
535 4271 655 4341 wpidine
665 4279 765 4340 pestru-
780 4273 822 4338 13,
842 4269 884 4326 23.
897 4273 952 4325 sitis
966 4273 1273 4341 inpwhsmscrncsquc.
1292 4274 1336 4338 20,
1350 4272 1377 4325 3.
1397 4273 1482 4326 cissos
1493 4279 1519 4326 st

379 4362 465 4423 gratu
479 4355 578 4426 segulla.
596 4355 675 4409 Conf.
687 4373 747 4410 eun.
761 4356 795 4410 sd
807 4358 831 4422 1,
842 4357 869 4423 6,
885 4358 927 4411 17.
944 4351 987 4422 14,
1002 4356 1045 4410 33.
1056 4351 1101 4410 43.
1118 4356 1247 4410 Whetem.
1258 4357 1293 4410 sd
1304 4358 1365 4412 Set.
1377 4361 1401 4426 1,
1412 4356 1439 4423 3,
1453 4355 1517 4411 130.

379 4435 496 4491 Dilleuh.
518 4439 553 4492 sd
573 4439 626 4494 03.
647 4442 673 4509 1,
696 4443 721 4507 2,
742 4443 767 4494 1.
783 4443 808 4509 2,
824 4439 865 4506 13,
882 4437 924 4494 18.
949 4440 1213 4508 0003313031,
1235 4441 1261 4510 5,
1282 4440 1311 4496 5.
1332 4443 1359 4496 1.
1377 4442 1515 4513 11.Ἴοὶςο

378 4519 482 4588 Nugar.
497 4530 631 4590 gramnat.
646 4525 742 4598 partic.
757 4527 780 4579 1.
794 4544 822 4596 p.
838 4528 872 4581 20
884 4543 945 4598 sqq.
961 4529 1056 4583 Gossr.
1071 4527 1106 4581 sd
1119 4526 1195 4596 virg.
1210 4528 1276 4581 hess.
1289 4522 1317 4596 4,
1330 4525 1392 4582 583.
