3490 5324
258 511 318 574 169
357 509 569 574 ΟΟΜΜΕΝΤ.
584 511 627 572 IN
640 510 1303 576 flou.L1u.1.urlsT.UNDuvrcfl-snt
1334 509 1396 580 517

256 681 329 757 rint,
362 681 468 759 opponi
496 679 635 758 opinatur.
678 676 767 740 Aliter
790 679 845 739 sihi
868 683 1010 742 contrarie
1033 681 1174 742 linxerunt
1198 683 1347 763 &nquius
1369 690 1399 744 et

256 781 386 857 Baetes,
408 800 527 859 quornm
547 781 594 841 ille
613 781 683 841 haec
703 783 740 840 ed
761 782 909 842 discrimen
929 782 1087 842 Archilochi
1108 785 1211 844 Graeci
1227 786 1325 845 inferri
1343 785 1398 845 sibi

256 884 423 960 persuadet,
442 884 521 960 cujus
541 884 662 961 „odiose
675 881 871 943 maledicentia
885 884 920 942 sb
934 885 1063 961 ingenuis
1078 891 1107 944 et
1120 885 1247 946 honestis
1260 887 1326 946 viris
1342 886 1398 962 legi

257 985 372 1062 indigns
394 983 512 1059 fuerit,“
532 1002 650 1061 quorum
674 983 717 1044 hic
746 985 909 1061 „pudicos“
928 986 1046 1064 intelligi
1067 987 1135 1052 cult,
1178 987 1298 1066 Utrique
1317 988 1399 1064 quusi

257 1093 355 1144 auctor
377 1086 557 1166 Porphyrion
567 1084 600 1164 *)
619 1085 683 1147 luit.
732 1086 865 1146 Ceterum
885 1089 922 1146 de
942 1087 997 1148 hoc
1017 1089 1142 1165 Poetae,
1170 1090 1248 1167 quod
1276 1089 1400 1148 carmine

257 1205 309 1246 sue
329 1188 357 1246 in
378 1189 441 1248 dies
462 1208 479 1246 e
504 1186 694 1266 compluribus
721 1189 829 1248 leuderi
852 1196 938 1268 etque
964 1190 1052 1247 amori
1078 1190 1268 1269 experiretur,
1299 1191 1399 1250 incite-

257 1295 352 1349 mento
371 1290 447 1349 conf.
466 1309 528 1346 van
548 1289 670 1346 Hnrsde
691 1291 727 1349 ed
744 1292 805 1350 Set.
826 1293 855 1367 1,
877 1294 907 1354 9.
927 1312 957 1371 p.
978 1292 1008 1354 8.

339 1390 374 1451 V.
400 1392 452 1454 85.
476 1389 527 1455 86.
567 1391 650 1450 Scire
676 1391 751 1450 veles
769 1426 811 1439 -
832 1393 923 1452 Emere
948 1388 1092 1472 6695ιωῖ
1128 1391 1275 1472 „Exponit
1304 1390 1399 1452 Hore-

256 1493 316 1572 tiue
332 1493 467 1571 deinceps
489 1511 604 1570 cemes,
625 1495 725 1573 quibus
739 1495 858 1574 permoti
871 1495 998 1554 homines
1016 1494 1127 1573 quidem
1145 1493 1290 1571 oprcscrela
1308 1495 1398 1572 ipsius

255 1592 369 1670 publico
391 1595 456 1653 odio
474 1597 713 1674 persequentur.“
751 1595 895 1676 Ingratus
913 1603 1008 1656 eutem
1032 1595 1123 1653 nster
1140 1596 1218 1656 eudit
1238 1615 1296 1654 non
1309 1615 1399 1675 prop-

255 1703 300 1754 ter
321 1695 501 1755 acerbitatem
521 1698 677 1774 quendem,
701 1699 829 1776 „maoch
847 1697 1076 1758 unfreundlicher
1094 1695 1231 1772 Leser,“
1252 1697 1292 1754 uti
1314 1697 1400 1756 vertit

261 1797 400 1868 Vossius,
423 1798 475 1856 sed
494 1798 561 1874 quie
581 1798 682 1876 quihus
703 1801 778 1858 domi
799 1801 969 1874 delectatur,
989 1818 1023 1859 ea
1041 1797 1234 1859 delectationis
1255 1799 1399 1858 immemor

256 1898 442 1958 inhominem
459 1899 568 1958 circulis
588 1901 683 1980 inique
698 1902 836 1962 imminuit
849 1921 883 1960 ec
897 1901 1036 1980 deprimit.
1069 1900 1112 1958 ltu
1132 1897 1196 1958 Liv.
1212 1901 1265 1976 22,
1279 1900 1331 1976 59,
1349 1901 1399 1962 10.

256 2019 309 2057 nec
324 2000 485 2078 premendo
504 2001 600 2059 duam
619 2023 665 2060 me
685 2004 823 2063 extulisse
843 2003 941 2062 velsero.
976 2001 1061 2061 Ovid.
1082 2021 1116 2061 ex
1137 2001 1267 2076 ponc&
1283 1999 1399 2072 1,115.

261 2101 346 2178 Quae
359 2111 494 2180 praestat
517 2105 626 2162 wenta
649 2125 725 2177 sna,
757 2127 795 2165 ne
815 2108 921 2184 prr'sce
949 2113 1079 2162 versutos
1103 2101 1212 2160 Laude
1235 2101 1400 2180 pudicitiae

256 2203 376 2262 saecula
395 2215 496 2262 norim
512 2217 640 2284 prensat.
680 2208 798 2277 Quintil.
816 2211 867 2284 11,
890 2211 919 2286 1,
940 2207 990 2268 16.
1038 2203 1146 2281 Quies
1164 2225 1258 2283 supra
1278 2204 1400 2262 modurn

257 2304 387 2375 extollit,
403 2323 537 2383 premere
560 2329 597 2366 ac
625 2309 774 2387 despicere
793 2309 923 2368 ereditur
948 2318 1064 2370 ceteros.
1105 2306 1252 2383 161612,
1276 2307 1325 2382 10,
1349 2303 1398 2370 14·

255 2408 363 2466 Simius
381 2409 446 2467 ride
466 2410 543 2489 epud
559 2410 646 2471 Febr.
667 2413 705 2471 ud
724 2411 786 2472 Ln.
810 2415 862 2485 22,
885 2413 935 2484 12,
960 2413 1009 2474 12.
1025 2409 1148 2487 ,Forbig.
1166 2409 1205 2468 ad
1223 2408 1304 2486 Virg.
1326 2406 1397 2466 Aen.

257 2513 309 2586 11,
331 2505 404 2574 401.
435 2511 554 2589 Rupert.
574 2513 612 2570 ed
630 2511 702 2572 Tse.
725 2515 797 2573 Anu.
820 2513 871 2590 15,
892 2511 946 2588 49,
969 2513 997 2574 1.
1027 2511 1153 2571 Krihner.
1175 2512 1212 2569 ed
1231 2510 1292 2568 Cic.
1309 2508 1398 2567 Tusc.

256 2609 287 2690 4,
302 2615 353 2689 28,
368 2615 419 2675 61.
447 2611 556 2674 Avero
570 2616 655 2692 igitur
668 2613 831 2692 longissime
848 2613 970 2688 ehsunt,
989 2613 1038 2690 qui
1049 2618 1165 2675 anctore
1182 2611 1399 2691 Scholieste**)

257 2715 344 2792 Cruq.
369 2714 480 2790 („celet
505 2721 536 2775 et
560 2719 661 2777 ceteris
682 2717 841 2793 inrideet“)
863 2722 895 2776 ut
919 2711 1081 2774 Chalothis
1101 2714 1255 2793 explicent:
1283 2718 1399 2792 „tuceet

255 2819 285 2875 in
307 2835 463 2893 congressu
483 2824 513 2876 et
532 2825 617 2878 coetu
636 2819 813 2896 homiuum,“
831 2827 880 2878 aut
901 2826 932 2878 ut
949 2817 1150 2894 Docrisrgr'ue:
1173 2819 1306 2892 „premet
1326 2814 1398 2872 invi-

256 2917 336 2977 61644
350 2917 553 2995 —opuscula
570 2926 602 2980 ut
615 2919 647 2996 4,
660 2920 703 2998 8.,
723 2937 795 2997 quse
815 2938 842 2978 v.
858 2919 910 2985 42.
930 2937 1030 2996 nugas
1036 2958 1049 2987 ,
1069 2935 1097 2979 v.
1113 2913 1164 2978 44.
1176 2917 1293 2992 poetica
1308 2913 1400 2975 nan

256 3020 408 3096 ε11,10.
441 3039 542 3078 versus
561 3031 588 3078 et
607 3031 704 3079 cetera
724 3020 861 3089 ludicra,
884 3019 937 3094 13,
961 3019 1011 3081 17.
1048 3019 1210 3089 Carmina,
1232 3039 1309 3098 quae
1323 3039 1399 3096 pos-

255 3123 316 3184 sint
341 3120 442 3180 oculos
468 3125 609 3202 nmisque
639 3124 752 3181 morari
782 3121 915 3180 &aare
943 3120 1023 3184 dicit.
1068 3120 1099 3180 ln
1124 3122 1295 3180 seutentiam
1323 3121 1398 3180 cont.

256 3222 339 3286 Mart.
359 3227 390 3300 6,
411 3225 463 3286 61.

337 3325 372 3383 V.
393 3327 443 3386 87.
460 3326 512 3388 88.
543 3325 616 3382 Non
637 3345 690 3406 ego
704 3357 746 3370 -·
760 3325 856 3383 vestis.
890 3324 1051 3384 Similitudo
1068 3341 1086 3382 a
1107 3325 1320 3390 candidatorum
1338 3340 1399 3406 em-

255 3424 316 3484 bitu
335 3427 427 3505 petite
445 3427 581 3486 irrisionis
601 3429 764 3507 plenissime
785 3434 837 3492 est.
873 3425 964 3486 Plebs
984 3437 1107 3486 venwsa
1126 3433 1158 3486 nt
1177 3425 1225 3486 ille
1245 3422 1400 3484 mobilium

255 3527 344 3586 noha
377 3528 539 3605 Quiritium
566 3531 624 3592 Od.
648 3533 678 3608 1,
705 3531 736 3607 1,
761 3532 791 3594 7.
822 3528 873 3608 fib.
896 3527 1009 3590 hlitsch.
1037 3536 1066 3588 et
1093 3533 1185 3590 nostr.
1212 3547 1277 3590 eun.
1304 3529 1340 3588 ed
1366 3529 1399 3606 6,

338 3783 367 3859 ‘)
381 3788 408 3841 Is
422 3789 475 3842 sice
489 3789 568 3856 „Hoc
582 3788 627 3842 vel
637 3787 671 3842 sd
679 3785 862 3842 Archilochum
873 3786 1003 3854 refertur,
1017 3785 1097 3840 multe
1113 3786 1245 3842 obscoene
1259 3785 1398 3855 dicentem,

254 3873 298 3925 vel
313 3871 347 3926 sd
361 3873 503 3942 Lucilium,
517 3873 563 3944 qui
576 3891 659 3944 seque
673 3873 753 3928 multe
766 3871 861 3943 punice
875 3873 924 3941 (de
937 3873 1092 3941 conjecture
1106 3871 1315 3943 Dillenhurgerir
1334 3887 1399 3939 „cy-

255 3955 348 4024 uioe“)
371 3974 467 4028 spurce
491 3959 668 4030 composuit.“
706 3957 830 4012 Concinit
849 3960 956 4014 Auctor.
978 3958 1151 4012 Commentut.
1172 3963 1228 4010 vet.
1250 3974 1293 4026 ep.
1314 3957 1397 4026 Cruq.

255 4059 283 4111 p.
297 4037 372 4096 694.=
386 4045 465 4112 „Hoc
478 4045 522 4098 vel
535 4045 570 4100 ed
584 4043 766 4099 Archilochum
780 4043 895 4098 refertur
908 4043 989 4097 mults
1001 4045 1134 4099 obscoene
1146 4043 1292 4096 dicentem:
1306 4041 1350 4094 vel
1364 4042 1398 4094 sd

182 4119 183 4124 ¹
255 4123 399 4196 Lucilium,
415 4129 459 4200 qui
474 4147 559 4202 seque
569 4131 651 4184 multe
663 4129 789 4200 princeps
802 4130 850 4199 (de
862 4131 1078 4200 conjecturem
1089 4129 1206 4184 chedis’:
1220 4125 1398 4198 „deiuceps“)

255 4227 352 4281 spurce
368 4214 544 4284 composuit.“

324 4293 370 4364 **)
384 4297 554 4369 Porphyrion
569 4316 646 4370 quum
660 4302 694 4355 ed
709 4299 781 4354 Scire
791 4299 853 4355 ccl'n
862 4300 914 4354 hoc
925 4299 1063 4353 observate
1077 4297 1176 4366 „deest
1186 4295 1291 4362 aete,
1306 4297 1337 4346 ut
1349 4293 1399 4348 sits

256 4381 288 4434 en·
298 4381 360 4435 nelis
373 4382 452 4452 seire,
471 4385 589 4452 medies,“
606 4392 688 4441 totum
703 4385 906 4440 ennudstionem
919 4401 951 4438 eo
965 4383 1057 4452 modo,
1071 4399 1122 4436 nou
1135 4380 1339 4448 innascendo,
1356 4398 1400 4434 sc·

256 4465 343 4536 cepit,
363 4483 415 4536 quo
429 4483 478 4523 uos
492 4485 519 4524 v.
535 4471 569 4528 26
581 4472 676 4529 -28.
695 4487 745 4543 per
763 4470 961 4540 intelligendum
983 4469 1092 4524 verbum
1112 4468 1176 4526 seito
1200 4463 1398 4537 explicavimus.

256 4550 300 4604 Sit
312 4553 389 4606 muel
