3504 5324
337 502 399 568 156
427 503 711 567 COMMENTARII
725 505 766 566 IN
782 503 947 570 HORATll
960 504 1068 618 1881.
1090 505 1401 571 EPIST.DUODEC.
1432 509 1493 572 166

337 694 389 770 47,
410 694 441 756 5.
465 695 496 767 7,
514 691 568 769 85,
582 695 612 754 7.
634 693 672 751 ad
692 692 744 750 Sil.
760 693 822 752 ltal.
839 696 869 768 1,
889 693 961 757 598.
984 693 1102 771 Forbig.
1124 695 1161 752 ad
1182 694 1263 770 Virg.
1281 691 1352 752 Aen.
1374 696 1405 770 2,
1420 695 1491 759 822.

336 797 462 872 Herzog.
483 801 513 854 et
533 795 627 854 Kritz.
648 795 686 854 ad
708 793 776 852 Sall.
799 793 863 853 Cat.
885 794 945 870 58,
968 795 997 858 6.
1027 797 1119 856 Recte
1140 796 1204 854 Ios.
1224 795 1360 853 Merkel:
1391 796 1492 872 „Dass

335 899 414 958 nicht
434 897 527 956 frema
550 897 595 954 dir
616 895 710 954 bleibe
731 896 777 953 die
797 895 879 972 Lege
900 899 953 955 des
971 898 1098 974 Stuates,
1121 915 1154 956 so
1175 897 1303 956 wisse!“
1322 896 1368 956 De
1388 897 1491 958 intelli·

336 1002 431 1080 gendo
454 1019 481 1058 ι.
503 1000 575 1056 scau
595 998 653 1056 vid.
673 1003 771 1057 annot.
792 997 830 1058 ad
852 1001 882 1073 1,
906 1000 935 1074 1,
960 995 1009 1063 14.

419 1101 455 1163 V.
478 1103 526 1163 26.
548 1119 593 1176 sq.
629 1098 778 1160 Cantaber
801 1100 1156 1177 Agragas-*Neronis
1183 1101 1348 1158 Armenius
1373 1099 1488 1164 cedda.

334 1205 367 1263 In
398 1207 477 1260 recta
507 1201 590 1281 hujus
620 1200 674 1260 loci
705 1200 899 1278 expositione,
931 1221 1016 1280 quem
1040 1203 1170 1262 infaustis
1198 1203 1338 1262 ominibus
1363 1205 1490 1264 affluunt

336 1305 492 1381 Bentlejus
508 1305 546 1362 ad
562 1303 651 1380 Epist.
674 1305 725 1380 18,
744 1303 808 1379 56.,
830 1301 1030 1362 aususausus
1049 1307 1086 1362 ad
1107 1303 1179 1363 Veli.
1198 1305 1263 1364 Pat.
1287 1306 1317 1382 2,
1335 1305 1387 1369 94.
1407 1306 1489 1384 (oon-

334 1409 475 1468 sentiente
499 1401 674 1462 Eiclmtadio
700 1403 739 1460 ad
763 1422 818 1461 van
844 1403 970 1464 Ommer.
991 1425 1021 1482 p.
1044 1405 1143 1484 226),
1172 1406 1301 1466 Beana
1328 1408 1364 1466 ad
1389 1407 1488 1483 Feam,

334 1511 440 1588 quippe
462 1507 510 1584 qui
530 1505 652 1564 Poetarn
673 1506 709 1564 de
730 1505 816 1564 rebus
837 1505 1014 1565 Armeniacis
1034 1507 1080 1565 vel
1102 1506 1270 1566 adulationis
1293 1511 1339 1568 rel
1363 1509 1487 1568 mendae

332 1609 538 1684 insimularent,
559 1607 612 1666 lrec
630 1608 745 1686 quidem
764 1613 860 1667 aetate
879 1610 1056 1685 antesignani
1078 1615 1109 1667 et
1129 1609 1255 1668 vindices
1275 1613 1389 1672 fuerunt
1403 1611 1487 1668 Dos-

334 1715 452 1792 ringias
474 1718 506 1770 et
531 1709 713 1770 Scammos.
729 1743 773 1754 -
799 1710 959 1769 Cantabros
987 1718 1082 1769 autem
1110 1713 1146 1770 ab
1167 1711 1297 1791 Agrippa
1317 1733 1344 1772 a.
1365 1733 1393 1771 n.
1412 1708 1485 1775 784.

332 1815 510 1894 perdomitos
531 1831 596 1872 esse
617 1813 661 1870 hic
682 1814 744 1891 ipse
763 1812 843 1872 loeus
863 1812 1103 1890 locupletissimus
1123 1823 1169 1874 est
1187 1816 1288 1885 testis3
1316 1814 1487 1891 scriptorum

332 1917 466 1995 imprimis
487 1912 589 1973 Diouis
611 1913 704 1972 Cassii
725 1911 782 1992 54,
812 1917 861 1978 11.
891 1916 929 1974 de
953 1915 1008 1973 hoe
1035 1933 1110 1974 anno
1132 1915 1294 1975 dissensum
1315 1915 1389 1975 bene
1409 1935 1486 1974 com-

331 2018 430 2097 posuit
454 2013 655 2086 Sanadonm,
682 2035 768 2092 quem
788 2017 854 2074 vide
878 2021 909 2075 et
932 2017 968 2075 ct'.
991 2015 1181 2074 Diintserum
1201 2017 1253 2076 hac
1276 2018 1313 2076 de
1333 2037 1366 2076 re
1392 2017 1487 2076 sobrie

331 2139 362 2198 p.
385 2118 426 2181 68
445 2117 630 2195 judicantem.
666 2117 781 2196 Locos,
811 2119 859 2196 qui
887 2120 924 2177 de
952 2117 1028 2178 bello
1049 2115 1222 2177 Cantabrico
1248 2137 1337 2196 saepe
1361 2116 1486 2174 redinte-

332 2227 415 2300 grato
435 2226 518 2297 suut,
539 2221 699 2280 indicarunt
722 2219 894 2278 Submidius
916 2220 1001 2278 adh.
1023 2220 1043 2278 l.
1066 2225 1096 2280 et
1116 2220 1153 2278 ad
1175 2221 1226 2295 18,
1248 2221 1300 2284 55.
1322 2220 1433 2278 Iamne
1457 2224 1487 2276 et

332 2322 496 2382 Maneant.
518 2324 555 2381 ad
573 2323 630 2382 Od.
650 2327 680 2400 2,
701 2323 733 2399 6,
752 2326 782 2386 2.
804 2323 836 2400 3,
852 2324 882 2399 8,
901 2325 951 2388 21.
972 2317 1005 2397 4,
1024 2319 1075 2396 14,
1091 2319 1142 2382 41.
1163 2319 1318 2382 Kanum.
1338 2323 1368 2380 in
1380 2323 1484 2395 Progr.

332 2426 456 2485 Cellens.
481 2423 563 2488 1885
585 2444 615 2502 p.
630 2425 758 2488 5-11.
779 2425 816 2484 ad
836 2424 895 2483 08.
916 2424 949 2500 8,
970 2417 1026 2498 14,
1047 2423 1097 2498 8.,
1119 2421 1285 2500 quibuscum
1306 2423 1343 2480 cs.
1364 2423 1485 2499 Rupert.

259 2542 263 2557 ¹
332 2529 370 2587 ad
389 2525 454 2586 Liv.
478 2527 529 2602 28,
554 2527 606 2602 12,
626 2529 657 2588 7.
677 2531 707 2586 et
728 2528 765 2585 ad
787 2525 860 2584 Tac.
883 2524 957 2584 Aun.
979 2520 1018 2600 4,
1041 2525 1079 2600 5,
1102 2526 1132 2586 2.
1153 2526 1276 2603 interpp.
1297 2523 1333 2582 ad
1353 2523 1433 2582 Flor.
1452 2519 1484 2597 4,

289 2691 290 2694 Ἴ
334 2633 386 2706 12,
405 2630 455 2692 51.
475 2627 502 2686 T
503 2626 634 2686 zsolrucb
652 2627 690 2686 ad
706 2628 825 2706 Eutrop.
841 2630 873 2704 7,
891 2630 922 2704 9,
939 2628 968 2692 8.
990 2627 1151 2691 Fraudsen.
1174 2625 1358 2704 „Agrippa.“
1377 2644 1406 2701 p.
1423 2623 1484 2686 126

332 2728 799 2797 -132.1auuatusaLubkero
820 2730 858 2788 ad
881 2729 939 2790 08.
961 2731 993 2808 8,
1014 2731 1046 2805 8,
1068 2732 1119 2794 21.
1141 2734 1171 2788 et
1187 2727 1294 2786 Frena
1315 2725 1397 2784 Fast.
1413 2725 1484 2784 Hor.

331 2856 360 2915 p.
381 2835 451 2897 159.
468 2867 511 2878 -—
532 2831 644 2892 Claudi
662 2835 772 2892 virtute
792 2833 924 2890 Neronis
944 2831 1107 2892 Armenius
1126 2829 1244 2900 8681881,
1266 2829 1285 2886 1.
1308 2849 1334 2887 e.
1355 2825 1487 2886 menia

332 2937 449 2998 subacta
470 2940 532 3012 est,
560 2941 591 2994 ut
609 2934 693 3014 paulo
716 2943 783 2996 ante
808 2933 957 2994 Cantaber
977 2941 1007 2992 et
1026 2933 1084 2991 Od.
1102 2929 1141 3009 4,
1163 2931 1219 3008 14,
1239 2927 1289 2995 41.
1310 2930 1404 2990 Antea
1425 2929 1486 2986 sere

331 3041 513 3098 Armenium
530 3037 724 3114 intelligebant
740 3037 895 3114 Artaxiam,
915 3036 1113 3096 Armeniorum
1135 3053 1243 3110 regern,
1265 3053 1350 3110 quem
1367 3031 1484 3090 Tacitus

332 3141 407 3202 Anu.
430 3145 461 3218 2,
475 3142 505 3204 8.
524 3161 580 3218 per
600 3139 703 3200 dolum
721 3142 958 3219 propinquorum
979 3139 1123 3206 ocenum,
1144 3135 1308 3213 &tumque
1321 3155 1342 3191 a
1360 3133 1486 3190 Caesen

332 3243 488 3300 Armeniis
523 3243 683 3322 ligroam
711 3241 929 3322 deductumque
961 3241 995 3298 ia
1021 3258 1149 3317 regnum
1175 3259 1195 3295 a
1228 3235 1343 3294 liberio
1365 3235 1485 3294 Nerone

332 3347 451 3406 dixerat.
471 3343 538 3402 Vid.
558 3343 684 3404 Montun-
706 3341 809 3422 Ancyr.
828 3365 857 3423 p.
876 3343 950 3408 875.
973 3340 1060 3404 Wolf.
1082 3348 1111 3400 et
1131 3339 1210 3400 locos
1230 3339 1269 3398 ad
1287 3338 1379 3416 Epist.
1403 3341 1432 3411 1,
1453 3336 1483 3398 8.

239 3505 246 3520 ,
331 3469 361 3526 p.
383 3447 456 3511 200.
478 3445 629 3522 indicatos,
651 3445 754 3522 quibus
774 3448 848 3504 adde
869 3448 906 3504 de
925 3465 1038 3503 nummo
1059 3444 1088 3501 in
1108 3442 1268 3503 Amanium
1287 3448 1399 3518 captam
1417 3457 1484 3495 cuso

331 3549 449 3610 Eckhel.
472 3545 510 3606 1).
538 3549 578 3607 N.
598 3547 648 3606 vl.
672 3568 702 3626 p.
722 3547 772 3610 98.
799 3549 904 3607 Rasch.
925 3545 1023 3606 Lexic.
1045 3545 1068 3604 l.
1089 3565 1120 3623 p.
1140 3545 1330 3608 1110-16.
1353 3547 1383 3599 et
1403 3557 1485 3616 quem

331 3670 418 3729 supra
443 3649 553 3707 laudari
578 3647 681 3709 Loers.
712 3651 749 3707 ad
778 3649 863 3709 Ovid.
893 3649 984 3710 Tria
1013 3649 1053 3724 2,
1083 3649 1154 3711 227.
1183 3647 1306 3705 Medium
1329 3643 1485 3700 inhaere

331 3753 413 3832 quasi
433 3753 523 3812 tenuit
543 3751 740 3832 Doeringizm,
769 3774 855 3830 quum
876 3752 1026 3810 Horatium
1047 3769 1105 3807 nou
1128 3769 1178 3808 eos
1205 3754 1332 3806 secutum
1353 3743 1483 3820 opinare-

330 3863 387 3931 tur,
404 3856 452 3932 qui
472 3857 588 3916 caedem
603 3855 734 3916 Artaxias
749 3855 815 3914 dolo
828 3857 1053 3935 propinquorum
1067 3851 1246 3922 tribuissent,
1266 3845 1360 3904 sedin
1375 3843 1402 3902 T
1404 3841 1483 3901 iberii

330 3960 452 4036 gretiam
472 3957 615 4035 vulgarem
636 3958 711 4018 illam
733 3958 855 4033 samam,
885 3973 942 4034 qua
963 3956 1067 4014 caedes
1093 3971 1207 4033 quoque
1228 3948 1359 4006 Artaxias
1380 3947 1417 4004 ad
1436 3965 1484 4004 res

318 4055 348 4118 'a
368 4060 485 4119 Tiberio
507 4066 604 4137 gestas
629 4059 720 4120 relata
748 4065 835 4118 esset.
875 4057 971 4116 Simile
996 4057 1063 4134 quid
1088 4053 1202 4133 Lipsius
1229 4051 1267 4108 ad
1293 4048 1371 4107 illum
1390 4046 1484 4106 Taciti

329 4161 422 4222 locum
443 4163 550 4238 sensit,
577 4163 626 4220 sed
648 4183 685 4221 ne
705 4161 754 4219 tali
777 4159 889 4238 quidem
910 4158 1022 4218 vindice
1048 4164 1078 4217 et
1102 4155 1275 4232 sospitatore
1296 4153 1405 4230 indiget
1422 4149 1483 4208 Ho-

328 4266 425 4324 ratius.
447 4264 532 4324 Conf.
553 4263 638 4322 Both.
661 4283 775 4341 quoque
795 4265 832 4322 aul
852 4263 908 4321 oa.
930 4258 963 4337 4,
986 4259 1037 4336 15,
1058 4262 1087 4322 9.
1109 4259 1154 4316 ed.
1174 4256 1263 4314 Fene.

410 4366 446 4426 V.
467 4365 518 4429 27.
542 4369 599 4440 jus
628 4367 844 4444 imperiumque
873 4364 1023 4422 Phraates
1053 4360 1190 4420 caesaris
1218 4359 1333 4436 aceepit
1356 4351 1483 4434 genibus

329 4467 435 4524 minor.
474 4467 536 4525 Ios.
559 4467 695 4528 Merkel:
728 4467 876 4545 „Caesare
904 4461 1152 4540 Herrschergebot
1179 4462 1238 4522 und
1265 4463 1373 4520 Gesetn
1398 4457 1483 4516 nalum

329 4567 425 4647 liiinig
445 4567 583 4630 Phraates
604 4569 733 4632 Fleluend
753 4569 782 4628 in
800 4565 927 4630 Demntlr
946 4569 1018 4630 an.“
1050 4565 1188 4627 Phraates
1214 4565 1262 4630 lv.
1287 4581 1338 4624 sen
1361 4560 1482 4622 Arsame
