3372 5328
359 471 421 537 103
463 473 675 536 COlllMllNT.
689 473 732 536 ΙΝ
745 472 926 536 666161.
940 476 964 536 Ι.
986 473 1111 536 uetur.
1124 473 1418 547 Qutuwucm.
1461 481 1502 544 38

356 682 421 724 nunt
442 663 538 722 vitlem
556 662 689 722 Sabinum
710 661 910 722 ullleecenute
930 665 1066 724 donutum
1089 663 1145 742 ipui
1164 664 1348 724 invidentium
1365 685 1384 726 u
1402 684 1436 724 ce
1454 685 1504 726 re-

356 765 477 846 pelleret
497 764 642 824 molestiae
655 769 710 823 etc.
742 763 884 824 cumillis
899 766 1020 828 11611611
1037 765 1255 842 Walcbcnacr,
1275 774 1308 826 ut
1325 767 1376 846 (ll.
1391 788 1422 846 p.
1438 764 1504 845 61.)

356 868 538 948 profiteatur:
569 866 615 943 „ll
636 875 679 927 est
702 866 817 926 trident
837 870 913 926 eueni
933 865 1096 944 qu'Horuce
1118 888 1137 926 u
1158 869 1293 948 compone
1316 876 1395 929 cette
1415 871 1505 948 petite

356 970 436 1050 picco
457 989 530 1048 pour
551 963 695 1028 c'excueer
713 969 817 1048 cupreo
835 970 875 1028 de
903 989 950 1028 occ
972 971 1042 1030 emit
1063 970 1099 1028 de
1124 971 1216 1031 Rome
1238 989 1285 1033 eur
1316 991 1364 1032 ees
1384 971 1505 1049 louguec

356 1071 514 1148 ubsonccs,
536 1075 564 1130 et
584 1090 657 1149 pour
674 1071 796 1148 juctifier
817 1070 860 1130 les
882 1071 1071 1148 chungemeuu
1087 1073 1134 1148 qui
1155 1071 1289 1130 e'ttuient
1307 1073 1411 1152 operto
1430 1076 1505 1134 dunt

357 1194 404 1234 seu
424 1173 525 1252 gorite,
547 1179 576 1232 et
598 1175 669 1232 dans
690 1191 723 1230 ue
742 1171 867 1230 muniere
887 1171 924 1230 ‹le
943 1173 1056 1232 vivre.⁴‘
1087 1172 1216 1250 topace
1233 1177 1505 1237 totvirorunrdoc·

355 1275 527 1334 tirsimorum
548 1275 682 1349 dixerim,
701 1273 827 1349 Poetae,
850 1273 875 1331 ui
891 1271 961 1330 illud
980 1293 1065 1334 uuum
1080 1277 1160 1352 queri
1177 1283 1264 1353 ceput
1284 1279 1325 1336 rei
1343 1279 1504 1354 significare

355 1375 511 1450 voluisset,
532 1381 640 1434 tuntum
660 1376 839 1435 decretorum
860 1393 894 1433 ex
914 1376 1013 1434 intimo
1033 1395 1110 1454 penu
1124 1376 1322 1455 philosophiae
1339 1379 1505 1442 uentorum

356 1477 468 1554 copiam
485 1495 557 1554 opus
577 1497 635 1535 non
656 1479 756 1538 fuisse.
793 1477 977 1555 Quapropter
993 1495 1167 1556 magnopere
1185 1481 1342 1540 cavendnm
1363 1484 1436 1560 erit,
1468 1504 1505 1544 ue

356 1577 456 1636 umbro
475 1596 569 1637 rerum
590 1580 717 1638 conteuti
737 1597 833 1637 eurum
851 1577 972 1638 tolidem
994 1584 1024 1636 ct
1047 1597 1209 1658 expressum
1231 1582 1354 1660 effigiem
1373 1586 1505 1664 negligu-

355 1699 417 1738 mus
447 1699 518 1738 neve
543 1679 711 1740 nubeculam
736 1699 789 1759 pro
816 1679 927 1740 lunone
956 1686 1113 1758 captemus.
1172 1682 1276 1742 Omnia
1302 1694 1398 1746 autem
1422 1696 1504 1749 eruut

355 1787 433 1839 cortu
454 1787 483 1840 et
503 1785 596 1858 tectu,
626 1782 651 1840 ei
671 1782 733 1859 quiu
761 1799 845 1858 quent
870 1801 958 1859 tupru
982 1782 1144 1840 deliniendo
1171 1787 1333 1862 aperuimus
1361 1790 1504 1850 involutae

354 1884 397 1942 rei
419 1884 548 1942 notitiam
575 1881 730 1964 tenebit*).
774 1882 885 1951 Quodsi
911 1883 1070 1963 Epistulam
1091 1884 1201 1944 Romae
1228 1890 1363 1967 scriptum
1384 1910 1449 1950 erue
1470 1911 1503 1952 ex

356 2003 383 2045 r.
406 1986 435 2046 8.
455 1985 505 2048 22.
525 1984 576 2047 37.
604 1985 704 2063 conjici
723 1983 805 2062 licet,
835 1987 912 2064 quod
930 1986 1044 2064 quidem
1064 2005 1128 2046 cum
1149 1988 1209 2046 elliu
1236 1990 1359 2052 ufflrmet
1379 1993 1504 2052 Dium-

357 2083 485 2166 burger,
505 2093 584 2146 recte
606 2087 743 2146 Diintzcr
750 2131 764 2159 ,
784 2106 845 2146 cunr
864 2094 896 2146 ut
917 2089 1012 2148 lictum
1032 2087 1062 2146 in
1083 2087 1190 2148 Sabino
1214 2109 1316 2171 reupte
1339 2093 1425 2154 uctibi
1447 2116 1503 2175 po-

355 2189 445 2248 tuisse
466 2188 611 2249 observet.

440 2289 567 2370 Tempu·
585 2291 748 2373 scriptionis
769 2291 907 2350 incertum
930 2289 1105 2350 Mamillio
1126 2295 1164 2352 ud
1185 2315 1290 2356 unnuur
1308 2299 1383 2360 731.
1404 2301 1503 2378 refert,

354 2391 517 2470 ΧίνοΙιηεν,
539 2414 661 2470 quocum
685 2394 827 2451 consentit
851 2389 1055 2451 Walcbonocr
1077 2393 1126 2474 (ll.
1149 2417 1180 2474 p.
1198 2398 1249 2460 63.
1271 2399 1343 2461 600.
1364 2401 1452 2479 626.)
1474 2405 1503 2462 iu

355 2493 414 2553 tub.
441 2494 567 2553 chronol.
594 2497 637 2554 ud,
658 2513 685 2552 u.
708 2493 789 2569 732,
814 2493 1014 2571 Grotesondno
1043 2490 1087 2575 (p.
1107 2495 1180 2560 176.
1202 2497 1233 2577 u)
1261 2499 1299 2556 ud
1319 2519 1347 2559 u.
1365 2500 1438 2562 736.
1457 2501 1503 2562 rel

355 2597 427 2659 736.
460 2595 639 2676 Doriglzello
659 2614 718 2655 rem
737 2595 768 2652 in
788 2595 882 2653 medio
903 2593 1039 2673 relinquit
1059 2597 1147 2658 hacce
1166 2600 1365 2661 uuuotutioue:
1392 2602 1503 2678 „Hunc

354 2699 479 2758 sortasse
499 2697 676 2758 concinnavit
697 2703 796 2756 aetute*
809 2697 987 2776 provectior,
1007 2717 1073 2758 num
1094 2703 1282 2760 constantium
1304 2721 1385 2764 ouem
1401 2706 1503 2784 juctut,

354 2800 432 2878 cujus
455 2805 533 2864 certe
555 2819 658 2879 expers
679 2800 732 2858 tuit
750 2797 878 2876 juvenio3
899 2797 961 2876 ipre
983 2799 1070 2860 etiem
1084 2803 1120 2861 de
1135 2804 1286 2881 juventute
1301 2825 1351 2864 suu
1369 2790 1518 2884 tunquam¹

354 2903 392 2961 de
418 2911 528 2962 remoto
558 2909 689 2982 tempore
716 2901 880 2980 loquitur.“
930 2901 1022 2962 Recte
1046 2905 1178 2984 quidem,
1215 2909 1268 2966 ned
1296 2907 1427 2984 Epistola
1449 2929 1503 2987 pro

354 3003 461 3064 Poetae
482 3005 623 3064 sentiendi
645 3005 756 3066 rutioue
777 3004 825 3064 illo
847 3009 978 3083 tempore
994 3023 1061 3066 vere
1080 3009 1164 3067 rcribi
1182 3011 1288 3088 potuit.
1321 3008 1406 3073 Cous.
1429 3000 1524 3070 Wo'

355 3105 457 3166 berum
476 3127 506 3186 p.
527 3106 589 3170 303
606 3131 646 3154 ⁴-
663 3106 694 3166 9.
802 3185 806 3199 Ι
1176 3109 1182 3126 ’

437 3208 473 3267 V.
495 3209 512 3269 1
531 3239 574 3253 -
588 3206 619 3269 3.
659 3207 769 3266 Villice
788 3209 935 3266 silvorum
956 3239 998 3255 --
1013 3209 1102 3288 socie.
1145 3208 1324 3288 „Praedimt
1348 3232 1397 3274 rus
1422 3233 1504 3274 16616

354 3311 455 3386 utpote
473 3307 528 3365 sibi
548 3308 617 3365 cutio
637 3305 792 3385 emplum.“
828 3309 936 3368 Villicc
952 3309 1100 3368 eduorum
1121 3317 1151 3369 et
1170 3319 1289 3393 propter
1307 3315 1386 3392 ipsus
1405 3315 1504 3394 silvae,

354 3427 426 3486 ques
453 3409 494 3466 uti
521 3407 650 3467 Tibullus
681 3404 734 3484 (1,
755 3407 800 3488 4.)
826 3415 992 3488 perreptare
1019 3411 1131 3472 colebat
1156 3413 1227 3475 llor.
1254 3415 1328 3494 (Set.
1349 3421 1387 3495 2,
1409 3422 1448 3497 6,
1471 3419 1502 3482 8.

353 3509 447 3590 Epist.
467 3513 496 3588 1,
518 3512 567 3587 10,
590 3510 619 3570 7.
643 3509 694 3584 16,
718 3507 748 3571 t.
778 3509 961 3588 06.3,16,
983 3512 1069 3594 29),
1091 3521 1121 3576 ct
1140 3523 1259 3595 propter
1279 3538 1401 3598 peucuu,
1430 3541 1502 3600 quoe

355 3611 473 3672 cultibus
497 3619 527 3671 et
543 3611 686 3672 montibus
703 3610 763 3668 sere
782 3611 967 3691 constabunt,
986 3615 1065 3694 Virg.
1086 3615 1149 3676 Ecl.
1169 3621 1201 3695 2,
1223 3618 1253 3682 6.
1281 3621 1465 3702 Quapropter
1485 3641 1504 3684 u

354 3733 422 3772 vero
443 3712 530 3790 longe
552 3711 656 3770 ubrunt
681 3715 744 3789 qut,
772 3721 804 3774 ut
831 3715 990 3788 Piscator,
1015 3717 1111 3780 silvae
1129 3719 1250 3799 intelligi
1275 3722 1383 3784 muluut
1403 3723 1504 3786 hortor

355 3815 492 3893 coll10,
515 3811 654 3880 2211-
671 3813 747 3874 miti
766 3817 1002 3892 marcadantes,
1021 3821 1505 3903 i.e.urlperlrncudeotiulibru-

354 3919 425 3976 rimu
446 3919 478 3993 7,
500 3917 552 3979 36.
581 3913 651 3972 lnde
674 3917 726 3992 10,
746 3919 776 3981 3.
813 3919 890 3985 Vivo
911 3933 939 3980 et
958 3943 1071 4004 regno,
1091 3923 1185 3982 simol
1203 3927 1262 3984 reta
1281 3927 1393 4007 reliqui
1418 3931 1504 4008 Quae

357 4040 410 4082 voe
429 4019 473 4078 od
488 4017 602 4077 coelum
615 4014 706 4096 sertio
725 4037 843 4079 rwuorc
862 4022 999 4086 secundo.
1047 4025 1133 4088 cont.
1155 4028 1217 4088 Sat.
1238 4032 1276 4108 2,
1291 4031 1328 4107 6,
1351 4031 1503 4098 23-62.

438 4271 467 4344 ’1)
489 4274 637 4331 verissimo
657 4281 691 4332 A.
706 4280 841 4334 Arnolduu
858 4282 887 4334 in
900 4281 996 4352 Progr.
1018 4283 1191 4344 161611812.
1215 4283 1387 4366 (Krinigberg
1405 4293 1432 4345 in
1452 4293 1502 4346 der

355 4359 504 4427 Neumurlr)
518 4378 547 4432 p.
560 4363 620 4419 te:
639 4363 714 4432 „Dec
726 4365 871 4435 Eiuzelue,
887 4368 1058 4439 Bentimmte,
1073 4374 1208 4428 Concreto
1220 4378 1259 4429 iot
1276 4377 1324 4432 dur
1341 4377 1502 4446 cigentliche

356 4443 460 4500 Gebiot
481 4445 529 4500 dor
549 4448 699 4519 Dichtung,
723 4451 770 4504 dus
787 4449 949 4520 AllgenueIne
967 4455 1003 4513 im
1023 4457 1193 4532 uuunder,
1214 4461 1367 4517 concreten
1386 4480 1434 4519 tur
1446 4463 1503 4524 tn-

357 4527 494 4602 uclrennng
505 4549 539 4586 un
553 4535 667 4606 bringen
680 4535 723 4590 ihr
734 4536 910 4594 Gcheimrriuu
918 4541 937 4570 “
