<?xml version="1.0" encoding="UTF-8"?>
<!DOCTYPE html PUBLIC "-//W3C//DTD XHTML 1.0 Transitional//EN"
    "http://www.w3.org/TR/xhtml1/DTD/xhtml1-transitional.dtd">
<html xmlns="http://www.w3.org/1999/xhtml" xml:lang="en" lang="en">
 <head>
  <title>
</title>
<meta http-equiv="Content-Type" content="text/html;charset=utf-8" />
  <meta name='ocr-system' content='tesseract 3.04.00' />
  <meta name='ocr-capabilities' content='ocr_page ocr_carea ocr_par ocr_line ocrx_word'/>
</head>
<body>
  <div class='ocr_page' id='page_1' title='image "./quintihoratiifl00schmgoog_0236.png"; bbox 0 0 3372 5328; ppageno 0'>
   <div class='ocr_carea' id='block_1_1' title="bbox 172 480 1318 555">
    <p class='ocr_par' dir='ltr' id='par_1_1' title="bbox 172 480 1318 555">
     <span class='ocr_line' id='line_1_1' title="bbox 172 480 1318 555; baseline -0.008 -2"><span class='ocrx_word' id='word_1_1' title='bbox 172 489 212 554; x_wconf 90' lang='grc'><strong>66</strong></span> <span class='ocrx_word' id='word_1_2' title='bbox 256 484 467 549; x_wconf 76' lang='grc' dir='ltr'><strong>ΟΟΜΜΕΝΤ.</strong></span> <span class='ocrx_word' id='word_1_3' title='bbox 484 483 755 546; x_wconf 68' lang='lat' dir='ltr'><strong>minuriunt.</strong></span> <span class='ocrx_word' id='word_1_4' title='bbox 777 483 1213 555; x_wconf 66' lang='lat' dir='ltr'><strong>netanutttnwncttt.</strong></span> <span class='ocrx_word' id='word_1_5' title='bbox 1256 480 1318 546; x_wconf 78' lang='lat'><strong>225</strong></span> 
     </span>
    </p>
   </div>
   <div class='ocr_carea' id='block_1_2' title="bbox 170 669 1319 1363">
    <p class='ocr_par' dir='ltr' id='par_1_2' title="bbox 170 669 1319 1363">
     <span class='ocr_line' id='line_1_2' title="bbox 172 669 1317 753; baseline 0.001 -18"><span class='ocrx_word' id='word_1_6' title='bbox 172 675 216 736; x_wconf 85' lang='lat' dir='ltr'><strong>ld.</strong></span> <span class='ocrx_word' id='word_1_7' title='bbox 238 675 276 734; x_wconf 83' lang='lat' dir='ltr'><strong>ad</strong></span> <span class='ocrx_word' id='word_1_8' title='bbox 298 673 385 734; x_wconf 79' lang='lat' dir='ltr'><strong>tute.</strong></span> <span class='ocrx_word' id='word_1_9' title='bbox 405 669 444 748; x_wconf 82' lang='lat'><strong>5,</strong></span> <span class='ocrx_word' id='word_1_10' title='bbox 464 672 522 749; x_wconf 93' lang='grc'><strong>10,</strong></span> <span class='ocrx_word' id='word_1_11' title='bbox 543 671 574 734; x_wconf 86' lang='grc'><strong>8.</strong></span> <span class='ocrx_word' id='word_1_12' title='bbox 596 671 660 736; x_wconf 87' lang='lat' dir='ltr'><strong>coll.</strong></span> <span class='ocrx_word' id='word_1_13' title='bbox 682 673 719 732; x_wconf 87' lang='lat' dir='ltr'><strong>de</strong></span> <span class='ocrx_word' id='word_1_14' title='bbox 740 672 792 732; x_wconf 93' lang='lat' dir='ltr'><strong>Or.</strong></span> <span class='ocrx_word' id='word_1_15' title='bbox 816 672 853 746; x_wconf 88' lang='lat'><strong>1,</strong></span> <span class='ocrx_word' id='word_1_16' title='bbox 873 673 932 744; x_wconf 87' lang='lat'><strong>28,</strong></span> <span class='ocrx_word' id='word_1_17' title='bbox 955 671 1025 735; x_wconf 84' lang='grc'><strong>126.</strong></span> <span class='ocrx_word' id='word_1_18' title='bbox 1046 673 1084 730; x_wconf 91' lang='lat' dir='ltr'><strong>de</strong></span> <span class='ocrx_word' id='word_1_19' title='bbox 1105 671 1190 732; x_wconf 80' lang='lat' dir='ltr'><strong>Ollio.</strong></span> <span class='ocrx_word' id='word_1_20' title='bbox 1212 676 1242 745; x_wconf 92' lang='lat'><strong>1,</strong></span> <span class='ocrx_word' id='word_1_21' title='bbox 1263 673 1317 753; x_wconf 81' lang='lat'><strong>51,</strong></span> 
     </span>
     <span class='ocr_line' id='line_1_3' title="bbox 174 771 1319 855; baseline -0.01 -13"><span class='ocrx_word' id='word_1_22' title='bbox 174 773 245 842; x_wconf 88' lang='lat'><strong>114.</strong></span> <span class='ocrx_word' id='word_1_23' title='bbox 266 775 354 855; x_wconf 88' lang='lat' dir='ltr'><strong>Prop.</strong></span> <span class='ocrx_word' id='word_1_24' title='bbox 376 779 411 848; x_wconf 79' lang='lat'><strong>2,</strong></span> <span class='ocrx_word' id='word_1_25' title='bbox 436 777 471 850; x_wconf 92' lang='lat'><strong>1,</strong></span> <span class='ocrx_word' id='word_1_26' title='bbox 492 772 544 836; x_wconf 77' lang='lat'><strong>46·</strong></span> <span class='ocrx_word' id='word_1_27' title='bbox 566 771 708 852; x_wconf 77' lang='lat' dir='ltr'><strong>(Luebm)</strong></span> <span class='ocrx_word' id='word_1_28' title='bbox 733 774 801 852; x_wconf 83' lang='lat' dir='ltr'><strong>Qun</strong></span> <span class='ocrx_word' id='word_1_29' title='bbox 816 783 888 850; x_wconf 81' lang='lat' dir='ltr'><strong>pote</strong></span> <span class='ocrx_word' id='word_1_30' title='bbox 909 773 1053 854; x_wconf 74' lang='lat' dir='ltr'><strong>quisque,</strong></span> <span class='ocrx_word' id='word_1_31' title='bbox 1076 773 1109 829; x_wconf 82' lang='lat' dir='ltr'><strong>in</strong></span> <span class='ocrx_word' id='word_1_32' title='bbox 1131 792 1166 830; x_wconf 82' lang='lat' dir='ltr'><strong>ea</strong></span> <span class='ocrx_word' id='word_1_33' title='bbox 1188 785 1319 832; x_wconf 79' lang='lat' dir='ltr'><strong>conterat</strong></span> 
     </span>
     <span class='ocr_line' id='line_1_4' title="bbox 171 872 1316 976; baseline -0.001 -39"><span class='ocrx_word' id='word_1_34' title='bbox 171 887 237 937; x_wconf 78' lang='lat' dir='ltr'><strong>arte</strong></span> <span class='ocrx_word' id='word_1_35' title='bbox 255 877 357 938; x_wconf 75' lang='lat' dir='ltr'><strong>etiarn..</strong></span> <span class='ocrx_word' id='word_1_36' title='bbox 380 876 466 936; x_wconf 88' lang='lat' dir='ltr'><strong>Conf.</strong></span> <span class='ocrx_word' id='word_1_37' title='bbox 483 875 596 935; x_wconf 82' lang='lat' dir='ltr'><strong>Eresm.</strong></span> <span class='ocrx_word' id='word_1_38' title='bbox 616 875 727 956; x_wconf 80' lang='lat' dir='ltr'><strong>Adugg.</strong></span> <span class='ocrx_word' id='word_1_39' title='bbox 751 879 788 954; x_wconf 84' lang='lat'><strong>2,</strong></span> <span class='ocrx_word' id='word_1_40' title='bbox 809 878 845 953; x_wconf 82' lang='grc'><strong>2,</strong></span> <span class='ocrx_word' id='word_1_41' title='bbox 865 875 916 938; x_wconf 88' lang='grc'><strong>82.</strong></span> <span class='ocrx_word' id='word_1_42' title='bbox 935 892 965 952; x_wconf 82' lang='lat' dir='ltr'><strong>p·</strong></span> <span class='ocrx_word' id='word_1_43' title='bbox 986 872 1059 936; x_wconf 83' lang='lat'><strong>416.</strong></span> <span class='ocrx_word' id='word_1_44' title='bbox 1099 873 1209 976; x_wconf 70' lang='lat' dir='ltr'><strong>Quopisi</strong></span> <span class='ocrx_word' id='word_1_45' title='bbox 1231 876 1316 936; x_wconf 82' lang='lat' dir='ltr'><strong>rerba</strong></span> 
     </span>
     <span class='ocr_line' id='line_1_5' title="bbox 170 974 1316 1058; baseline -0.003 -20"><span class='ocrx_word' id='word_1_46' title='bbox 170 979 219 1038; x_wconf 84' lang='lat' dir='ltr'><strong>illa</strong></span> <span class='ocrx_word' id='word_1_47' title='bbox 237 981 273 1038; x_wconf 86' lang='lat' dir='ltr'><strong>ad</strong></span> <span class='ocrx_word' id='word_1_48' title='bbox 291 979 597 1055; x_wconf 85' lang='lat' dir='ltr'><strong>dominisententiam,</strong></span> <span class='ocrx_word' id='word_1_49' title='bbox 620 998 693 1056; x_wconf 88' lang='lat' dir='ltr'><strong>quse</strong></span> <span class='ocrx_word' id='word_1_50' title='bbox 711 996 823 1056; x_wconf 77' lang='lat' dir='ltr'><strong>semper</strong></span> <span class='ocrx_word' id='word_1_51' title='bbox 839 975 938 1035; x_wconf 86' lang='lat' dir='ltr'><strong>eadem</strong></span> <span class='ocrx_word' id='word_1_52' title='bbox 955 974 1048 1034; x_wconf 81' lang='lat' dir='ltr'><strong>lutura</strong></span> <span class='ocrx_word' id='word_1_53' title='bbox 1065 977 1103 1033; x_wconf 92' lang='lat' dir='ltr'><strong>sit</strong></span> <span class='ocrx_word' id='word_1_54' title='bbox 1119 975 1265 1058; x_wconf 80' lang='lat' dir='ltr'><strong>(censebo)</strong></span> <span class='ocrx_word' id='word_1_55' title='bbox 1277 976 1316 1056; x_wconf 82' lang='lat'><strong>*)‚</strong></span> 
     </span>
     <span class='ocr_line' id='line_1_6' title="bbox 172 1074 1315 1159; baseline -0.001 -20"><span class='ocrx_word' id='word_1_56' title='bbox 172 1098 236 1139; x_wconf 86' lang='lat' dir='ltr'><strong>cunr</strong></span> <span class='ocrx_word' id='word_1_57' title='bbox 258 1080 322 1138; x_wconf 83' lang='lat' dir='ltr'><strong>aliis</strong></span> <span class='ocrx_word' id='word_1_58' title='bbox 342 1080 431 1138; x_wconf 81' lang='lat' dir='ltr'>refert</span> <span class='ocrx_word' id='word_1_59' title='bbox 458 1077 608 1151; x_wconf 78' lang='lat' dir='ltr'><strong>Orellius,</strong></span> <span class='ocrx_word' id='word_1_60' title='bbox 633 1099 688 1159; x_wconf 80' lang='lat' dir='ltr'><strong>ego</strong></span> <span class='ocrx_word' id='word_1_61' title='bbox 709 1079 823 1158; x_wconf 87' lang='lat' dir='ltr'><strong>quidem</strong></span> <span class='ocrx_word' id='word_1_62' title='bbox 842 1076 886 1134; x_wconf 84' lang='lat' dir='ltr'><strong>bic</strong></span> <span class='ocrx_word' id='word_1_63' title='bbox 906 1096 963 1134; x_wconf 90' lang='lat' dir='ltr'><strong>non</strong></span> <span class='ocrx_word' id='word_1_64' title='bbox 984 1082 1042 1135; x_wconf 83' lang='lat' dir='ltr'><strong>tarn</strong></span> <span class='ocrx_word' id='word_1_65' title='bbox 1063 1074 1147 1136; x_wconf 87' lang='lat' dir='ltr'><strong>audio</strong></span> <span class='ocrx_word' id='word_1_66' title='bbox 1166 1078 1228 1139; x_wconf 85' lang='lat' dir='ltr'><strong>bari</strong></span> <span class='ocrx_word' id='word_1_67' title='bbox 1254 1098 1315 1146; x_wconf 86' lang='lat' dir='ltr'><strong>mo-</strong></span> 
     </span>
     <span class='ocr_line' id='line_1_7' title="bbox 171 1176 1316 1260; baseline -0.003 -18"><span class='ocrx_word' id='word_1_68' title='bbox 171 1183 280 1258; x_wconf 90' lang='lat' dir='ltr'><strong>nitum,</strong></span> <span class='ocrx_word' id='word_1_69' title='bbox 303 1201 374 1259; x_wconf 88' lang='lat' dir='ltr'><strong>quo,</strong></span> <span class='ocrx_word' id='word_1_70' title='bbox 397 1183 466 1260; x_wconf 92' lang='lat' dir='ltr'><strong>quid</strong></span> <span class='ocrx_word' id='word_1_71' title='bbox 483 1183 596 1260; x_wconf 86' lang='lat' dir='ltr'><strong>utrique</strong></span> <span class='ocrx_word' id='word_1_72' title='bbox 616 1201 701 1241; x_wconf 83' lang='lat' dir='ltr'><strong>servo</strong></span> <span class='ocrx_word' id='word_1_73' title='bbox 718 1181 876 1240; x_wconf 84' lang='lat' dir='ltr'><strong>faciendum</strong></span> <span class='ocrx_word' id='word_1_74' title='bbox 894 1178 947 1254; x_wconf 90' lang='lat' dir='ltr'><strong>sit,</strong></span> <span class='ocrx_word' id='word_1_75' title='bbox 968 1176 1084 1252; x_wconf 83' lang='lat' dir='ltr'><strong>suadet,</strong></span> <span class='ocrx_word' id='word_1_76' title='bbox 1107 1198 1191 1256; x_wconf 85' lang='lat' dir='ltr'><strong>quam</strong></span> <span class='ocrx_word' id='word_1_77' title='bbox 1208 1181 1238 1238; x_wconf 91' lang='lat' dir='ltr'><strong>in</strong></span> <span class='ocrx_word' id='word_1_78' title='bbox 1253 1181 1316 1239; x_wconf 84' lang='lat' dir='ltr'><strong>vul-</strong></span> 
     </span>
     <span class='ocr_line' id='line_1_8' title="bbox 171 1277 1315 1363; baseline -0.002 -21"><span class='ocrx_word' id='word_1_79' title='bbox 171 1304 225 1363; x_wconf 73' lang='lat' dir='ltr'><strong>gus</strong></span> <span class='ocrx_word' id='word_1_80' title='bbox 247 1288 394 1342; x_wconf 84' lang='lat' dir='ltr'><strong>sonantem</strong></span> <span class='ocrx_word' id='word_1_81' title='bbox 416 1281 558 1361; x_wconf 84' lang='lat' dir='ltr'><strong>proverbii</strong></span> <span class='ocrx_word' id='word_1_82' title='bbox 580 1302 680 1342; x_wconf 84' lang='lat' dir='ltr'><strong>vocem</strong></span> <span class='ocrx_word' id='word_1_83' title='bbox 700 1281 844 1351; x_wconf 90' lang='lat' dir='ltr'><strong>omnibns,</strong></span> <span class='ocrx_word' id='word_1_84' title='bbox 873 1295 993 1356; x_wconf 87' lang='lat' dir='ltr'><strong>quorum</strong></span> <span class='ocrx_word' id='word_1_85' title='bbox 1014 1277 1068 1336; x_wconf 88' lang='lat' dir='ltr'><strong>lroc</strong></span> <span class='ocrx_word' id='word_1_86' title='bbox 1088 1280 1161 1338; x_wconf 83' lang='lat' dir='ltr'><strong>scire</strong></span> <span class='ocrx_word' id='word_1_87' title='bbox 1185 1282 1315 1351; x_wconf 86' lang='lat' dir='ltr'><strong>interest,</strong></span> 
     </span>
    </p>
   </div>
   <div class='ocr_carea' id='block_1_3' title="bbox 167 1381 1364 2662">
    <p class='ocr_par' dir='ltr' id='par_1_3' title="bbox 167 1381 1364 2662">
     <span class='ocr_line' id='line_1_9' title="bbox 170 1381 1364 1464; baseline 0.001 -20"><span class='ocrx_word' id='word_1_88' title='bbox 170 1385 300 1444; x_wconf 82' lang='lat' dir='ltr'><strong>aPoeta</strong></span> <span class='ocrx_word' id='word_1_89' title='bbox 321 1383 403 1461; x_wconf 88' lang='lat' dir='ltr'><strong>quasi</strong></span> <span class='ocrx_word' id='word_1_90' title='bbox 421 1386 511 1444; x_wconf 84' lang='lat' dir='ltr'><strong>servir</strong></span> <span class='ocrx_word' id='word_1_91' title='bbox 535 1384 768 1447; x_wconf 85' lang='lat' dir='ltr'><strong>commendatam.</strong></span> <span class='ocrx_word' id='word_1_92' title='bbox 800 1382 936 1442; x_wconf 83' lang='lat' dir='ltr'><strong>Ceterum</strong></span> <span class='ocrx_word' id='word_1_93' title='bbox 956 1381 985 1438; x_wconf 90' lang='lat' dir='ltr'><strong>in</strong></span> <span class='ocrx_word' id='word_1_94' title='bbox 1014 1397 1086 1456; x_wconf 82' lang='lat' dir='ltr'><strong>quas</strong></span> <span class='ocrx_word' id='word_1_95' title='bbox 1110 1387 1212 1464; x_wconf 79' lang='lat' dir='ltr'>plagas</span> <span class='ocrx_word' id='word_1_96' title='bbox 1235 1407 1316 1448; x_wconf 87' lang='lat' dir='ltr'><strong>erro·</strong></span> <span class='ocrx_word' id='word_1_97' title='bbox 1358 1419 1364 1432; x_wconf 60' lang='grc' dir='ltr'><em>ι</em></span> 
     </span>
     <span class='ocr_line' id='line_1_10' title="bbox 170 1485 1314 1567; baseline 0.003 -22"><span class='ocrx_word' id='word_1_98' title='bbox 170 1504 275 1564; x_wconf 86' lang='lat' dir='ltr'><strong>resque</strong></span> <span class='ocrx_word' id='word_1_99' title='bbox 294 1505 326 1545; x_wconf 88' lang='lat' dir='ltr'><strong>se</strong></span> <span class='ocrx_word' id='word_1_100' title='bbox 346 1487 366 1544; x_wconf 92' lang='lat' dir='ltr'><strong>ii</strong></span> <span class='ocrx_word' id='word_1_101' title='bbox 386 1485 506 1545; x_wconf 80' lang='lat' dir='ltr'><strong>induant</strong></span> <span class='ocrx_word' id='word_1_102' title='bbox 526 1505 645 1546; x_wconf 87' lang='lat' dir='ltr'><strong>necesse</strong></span> <span class='ocrx_word' id='word_1_103' title='bbox 667 1488 721 1558; x_wconf 89' lang='lat' dir='ltr'><strong>sit,</strong></span> <span class='ocrx_word' id='word_1_104' title='bbox 751 1486 799 1563; x_wconf 92' lang='lat' dir='ltr'><strong>qui</strong></span> <span class='ocrx_word' id='word_1_105' title='bbox 821 1485 908 1545; x_wconf 85' lang='lat' dir='ltr'><strong>semel</strong></span> <span class='ocrx_word' id='word_1_106' title='bbox 929 1504 947 1544; x_wconf 83' lang='lat' dir='ltr'><strong>u</strong></span> <span class='ocrx_word' id='word_1_107' title='bbox 965 1485 1012 1542; x_wconf 82' lang='lat' dir='ltr'><strong>via</strong></span> <span class='ocrx_word' id='word_1_108' title='bbox 1032 1493 1111 1546; x_wconf 81' lang='lat' dir='ltr'><strong>recta</strong></span> <span class='ocrx_word' id='word_1_109' title='bbox 1135 1489 1314 1567; x_wconf 82' lang='lat' dir='ltr'><strong>aberrarunt,</strong></span> 
     </span>
     <span class='ocr_line' id='line_1_11' title="bbox 169 1585 1316 1668; baseline 0.002 -22"><span class='ocrx_word' id='word_1_110' title='bbox 169 1590 340 1648; x_wconf 85' lang='lat' dir='ltr'><strong>documento</strong></span> <span class='ocrx_word' id='word_1_111' title='bbox 361 1592 546 1665; x_wconf 84' lang='lat' dir='ltr'><strong>potestesse</strong></span> <span class='ocrx_word' id='word_1_112' title='bbox 567 1585 684 1646; x_wconf 86' lang='lat' dir='ltr'><strong>ridicula</strong></span> <span class='ocrx_word' id='word_1_113' title='bbox 706 1586 845 1664; x_wconf 77' lang='lat' dir='ltr'><strong>Zurckii,</strong></span> <span class='ocrx_word' id='word_1_114' title='bbox 869 1588 918 1664; x_wconf 89' lang='lat' dir='ltr'><strong>qni</strong></span> <span class='ocrx_word' id='word_1_115' title='bbox 938 1586 1059 1665; x_wconf 80' lang='lat' dir='ltr'><strong>vestigia</strong></span> <span class='ocrx_word' id='word_1_116' title='bbox 1075 1590 1203 1649; x_wconf 81' lang='lat' dir='ltr'><strong>Dacerii</strong></span> <span class='ocrx_word' id='word_1_117' title='bbox 1218 1591 1316 1668; x_wconf 88' lang='lat' dir='ltr'><strong>sequi-&#39;</strong></span> 
     </span>
     <span class='ocr_line' id='line_1_12' title="bbox 169 1689 1359 1769; baseline 0.003 -21"><span class='ocrx_word' id='word_1_118' title='bbox 169 1695 233 1766; x_wconf 86' lang='lat' dir='ltr'><strong>tur,</strong></span> <span class='ocrx_word' id='word_1_119' title='bbox 262 1691 299 1749; x_wconf 91' lang='lat' dir='ltr'><strong>ad</strong></span> <span class='ocrx_word' id='word_1_120' title='bbox 320 1689 349 1746; x_wconf 89' lang='lat' dir='ltr'><strong>b.</strong></span> <span class='ocrx_word' id='word_1_121' title='bbox 370 1689 390 1747; x_wconf 93' lang='lat' dir='ltr'><strong>l.</strong></span> <span class='ocrx_word' id='word_1_122' title='bbox 412 1691 571 1750; x_wconf 73' lang='lat' dir='ltr'><strong>annotatio:</strong></span> <span class='ocrx_word' id='word_1_123' title='bbox 598 1689 718 1765; x_wconf 88' lang='lat' dir='ltr'><strong>„Nemo</strong></span> <span class='ocrx_word' id='word_1_124' title='bbox 739 1689 833 1746; x_wconf 87' lang='lat' dir='ltr'><strong>mirari</strong></span> <span class='ocrx_word' id='word_1_125' title='bbox 851 1691 915 1765; x_wconf 76' lang='lat' dir='ltr'><strong>iure</strong></span> <span class='ocrx_word' id='word_1_126' title='bbox 934 1693 1049 1766; x_wconf 85' lang='lat' dir='ltr'><strong>potest,</strong></span> <span class='ocrx_word' id='word_1_127' title='bbox 1080 1693 1157 1769; x_wconf 87' lang='lat' dir='ltr'><strong>qnod</strong></span> <span class='ocrx_word' id='word_1_128' title='bbox 1182 1694 1219 1751; x_wconf 88' lang='lat' dir='ltr'><strong>ad</strong></span> <span class='ocrx_word' id='word_1_129' title='bbox 1242 1692 1315 1750; x_wconf 78' lang='lat' dir='ltr'><strong>villi-</strong></span> <span class='ocrx_word' id='word_1_130' title='bbox 1355 1741 1359 1752; x_wconf 91' lang='grc'><strong>.</strong></span> 
     </span>
     <span class='ocr_line' id='line_1_13' title="bbox 169 1787 1315 1867; baseline -0.003 -17"><span class='ocrx_word' id='word_1_131' title='bbox 169 1809 232 1850; x_wconf 86' lang='lat' dir='ltr'><strong>cum</strong></span> <span class='ocrx_word' id='word_1_132' title='bbox 257 1791 298 1848; x_wconf 89' lang='lat' dir='ltr'><strong>sic</strong></span> <span class='ocrx_word' id='word_1_133' title='bbox 327 1789 444 1849; x_wconf 83' lang='lat' dir='ltr'><strong>scribat:</strong></span> <span class='ocrx_word' id='word_1_134' title='bbox 474 1809 539 1850; x_wconf 82' lang='lat' dir='ltr'><strong>nam</strong></span> <span class='ocrx_word' id='word_1_135' title='bbox 566 1811 665 1850; x_wconf 84' lang='lat' dir='ltr'><strong>servos</strong></span> <span class='ocrx_word' id='word_1_136' title='bbox 693 1809 806 1867; x_wconf 86' lang='lat' dir='ltr'><strong>quoque</strong></span> <span class='ocrx_word' id='word_1_137' title='bbox 832 1787 962 1850; x_wconf 75' lang='lat' dir='ltr'><strong>literatos</strong></span> <span class='ocrx_word' id='word_1_138' title='bbox 988 1791 1080 1851; x_wconf 82' lang='lat' dir='ltr'><strong>t&#39;uisse</strong></span> <span class='ocrx_word' id='word_1_139' title='bbox 1108 1799 1138 1852; x_wconf 87' lang='lat' dir='ltr'><strong>et</strong></span> <span class='ocrx_word' id='word_1_140' title='bbox 1162 1796 1192 1854; x_wconf 91' lang='lat' dir='ltr'><strong>in</strong></span> <span class='ocrx_word' id='word_1_141' title='bbox 1218 1794 1315 1854; x_wconf 80' lang='lat' dir='ltr'><strong>multis</strong></span> 
     </span>
     <span class='ocr_line' id='line_1_14' title="bbox 169 1890 1315 1972; baseline 0.005 -24"><span class='ocrx_word' id='word_1_142' title='bbox 169 1890 261 1951; x_wconf 82' lang='lat' dir='ltr'><strong>luisse</strong></span> <span class='ocrx_word' id='word_1_143' title='bbox 287 1891 412 1969; x_wconf 83' lang='lat' dir='ltr'><strong>peritos,</strong></span> <span class='ocrx_word' id='word_1_144' title='bbox 440 1911 468 1952; x_wconf 86' lang='lat' dir='ltr'><strong>v.</strong></span> <span class='ocrx_word' id='word_1_145' title='bbox 499 1893 527 1952; x_wconf 92' lang='lat' dir='ltr'><strong>in</strong></span> <span class='ocrx_word' id='word_1_146' title='bbox 557 1893 673 1972; x_wconf 79' lang='lat' dir='ltr'><strong>Pignor.</strong></span> <span class='ocrx_word' id='word_1_147' title='bbox 708 1892 746 1951; x_wconf 76' lang='lat' dir='ltr'><strong>tle</strong></span> <span class='ocrx_word' id='word_1_148' title='bbox 775 1893 884 1950; x_wconf 79' lang='lat' dir='ltr'><strong>Servis.</strong></span> <span class='ocrx_word' id='word_1_149' title='bbox 916 1892 963 1951; x_wconf 80' lang='lat' dir='ltr'><strong>td</strong></span> <span class='ocrx_word' id='word_1_150' title='bbox 988 1892 1060 1952; x_wconf 85' lang='lat' dir='ltr'><strong>haec</strong></span> <span class='ocrx_word' id='word_1_151' title='bbox 1087 1894 1157 1955; x_wconf 86' lang='lat' dir='ltr'><strong>Hor.</strong></span> <span class='ocrx_word' id='word_1_152' title='bbox 1186 1895 1315 1956; x_wconf 82' lang='lat' dir='ltr'><strong>libertate</strong></span> 
     </span>
     <span class='ocr_line' id='line_1_15' title="bbox 168 1990 1315 2072; baseline 0.003 -20"><span class='ocrx_word' id='word_1_153' title='bbox 168 1990 294 2052; x_wconf 72' lang='lat' dir='ltr'><strong>murati</strong></span> <span class='ocrx_word' id='word_1_154' title='bbox 314 2011 400 2069; x_wconf 89' lang='lat' dir='ltr'><strong>quum</strong></span> <span class='ocrx_word' id='word_1_155' title='bbox 420 1993 498 2072; x_wconf 88' lang='lat' dir='ltr'><strong>ipse,</strong></span> <span class='ocrx_word' id='word_1_156' title='bbox 518 1999 578 2054; x_wconf 89' lang='lat' dir='ltr'><strong>tum</strong></span> <span class='ocrx_word' id='word_1_157' title='bbox 601 2001 630 2054; x_wconf 86' lang='lat' dir='ltr'><strong>et</strong></span> <span class='ocrx_word' id='word_1_158' title='bbox 652 2013 684 2052; x_wconf 85' lang='lat' dir='ltr'><strong>se</strong></span> <span class='ocrx_word' id='word_1_159' title='bbox 700 1993 848 2052; x_wconf 82' lang='lat' dir='ltr'><strong>inferiores</strong></span> <span class='ocrx_word' id='word_1_160' title='bbox 869 1994 925 2052; x_wconf 80' lang='lat' dir='ltr'><strong>frui</strong></span> <span class='ocrx_word' id='word_1_161' title='bbox 945 1993 1042 2054; x_wconf 81' lang='lat' dir='ltr'><strong>voluit.</strong></span> <span class='ocrx_word' id='word_1_162' title='bbox 1074 1995 1118 2056; x_wconf 84' lang='lat' dir='ltr'><strong>Ita</strong></span> <span class='ocrx_word' id='word_1_163' title='bbox 1138 1999 1175 2056; x_wconf 85' lang='lat' dir='ltr'><strong>ad</strong></span> <span class='ocrx_word' id='word_1_164' title='bbox 1196 1997 1315 2056; x_wconf 82' lang='lat' dir='ltr'><strong>villicum</strong></span> 
     </span>
     <span class='ocr_line' id='line_1_16' title="bbox 168 2093 1314 2176; baseline 0.002 -21"><span class='ocrx_word' id='word_1_165' title='bbox 168 2093 285 2172; x_wconf 83' lang='lat' dir='ltr'><strong>scripsit</strong></span> <span class='ocrx_word' id='word_1_166' title='bbox 306 2095 353 2152; x_wconf 84' lang='lat' dir='ltr'><strong>od.</strong></span> <span class='ocrx_word' id='word_1_167' title='bbox 377 2094 424 2158; x_wconf 84' lang='lat'><strong>23.</strong></span> <span class='ocrx_word' id='word_1_168' title='bbox 446 2095 464 2152; x_wconf 90' lang='lat' dir='ltr'><strong>l.</strong></span> <span class='ocrx_word' id='word_1_169' title='bbox 484 2097 516 2160; x_wconf 83' lang='lat'><strong>3.</strong></span> <span class='ocrx_word' id='word_1_170' title='bbox 539 2094 667 2176; x_wconf 78' lang='lat' dir='ltr'><strong>Apparet</strong></span> <span class='ocrx_word' id='word_1_171' title='bbox 686 2114 752 2155; x_wconf 85' lang='lat' dir='ltr'><strong>vero</strong></span> <span class='ocrx_word' id='word_1_172' title='bbox 771 2114 855 2172; x_wconf 86' lang='lat' dir='ltr'><strong>quam</strong></span> <span class='ocrx_word' id='word_1_173' title='bbox 875 2097 990 2172; x_wconf 81' lang='lat' dir='ltr'><strong>ingenia</strong></span> <span class='ocrx_word' id='word_1_174' title='bbox 1009 2096 1152 2157; x_wconf 87' lang='lat' dir='ltr'><strong>hominum</strong></span> <span class='ocrx_word' id='word_1_175' title='bbox 1167 2098 1314 2176; x_wconf 77' lang='lat' dir='ltr'><strong>Augrrsteo</strong></span> 
     </span>
     <span class='ocr_line' id='line_1_17' title="bbox 168 2195 1314 2274; baseline 0.004 -21"><span class='ocrx_word' id='word_1_176' title='bbox 168 2195 219 2254; x_wconf 92' lang='lat' dir='ltr'><strong>illo</strong></span> <span class='ocrx_word' id='word_1_177' title='bbox 247 2214 319 2254; x_wconf 85' lang='lat' dir='ltr'><strong>sevo</strong></span> <span class='ocrx_word' id='word_1_178' title='bbox 347 2197 453 2257; x_wconf 80' lang='lat' dir='ltr'><strong>fuerint</strong></span> <span class='ocrx_word' id='word_1_179' title='bbox 484 2197 708 2258; x_wconf 78' lang='lat' dir='ltr'><strong>defaecatissime</strong></span> <span class='ocrx_word' id='word_1_180' title='bbox 736 2203 767 2258; x_wconf 92' lang='lat' dir='ltr'><strong>et</strong></span> <span class='ocrx_word' id='word_1_181' title='bbox 792 2196 1011 2274; x_wconf 79' lang='lat' dir='ltr'><strong>elegantissima.</strong></span> <span class='ocrx_word' id='word_1_182' title='bbox 1020 2199 1040 2235; x_wconf 82' lang='lat'><strong>‘⁶</strong></span> <span class='ocrx_word' id='word_1_183' title='bbox 1081 2198 1128 2260; x_wconf 86' lang='lat' dir='ltr'><strong>De</strong></span> <span class='ocrx_word' id='word_1_184' title='bbox 1157 2199 1314 2258; x_wconf 78' lang='lat' dir='ltr'><strong>Boilsavio</strong></span> 
     </span>
     <span class='ocr_line' id='line_1_18' title="bbox 167 2297 1313 2379; baseline 0.005 -23"><span class='ocrx_word' id='word_1_185' title='bbox 167 2297 368 2375; x_wconf 66' lang='lat' dir='ltr'><strong>Desprboux,</strong></span> <span class='ocrx_word' id='word_1_186' title='bbox 396 2297 479 2376; x_wconf 83' lang='lat' dir='ltr'><strong>hujus</strong></span> <span class='ocrx_word' id='word_1_187' title='bbox 501 2299 648 2379; x_wconf 87' lang='lat' dir='ltr'><strong>Epistolae</strong></span> <span class='ocrx_word' id='word_1_188' title='bbox 664 2301 807 2360; x_wconf 88' lang='lat' dir='ltr'><strong>imitatore</strong></span> <span class='ocrx_word' id='word_1_189' title='bbox 833 2300 977 2378; x_wconf 84' lang='lat' dir='ltr'><strong>(Ocurres</strong></span> <span class='ocrx_word' id='word_1_190' title='bbox 1002 2302 1039 2359; x_wconf 92' lang='lat' dir='ltr'><strong>de</strong></span> <span class='ocrx_word' id='word_1_191' title='bbox 1059 2300 1093 2367; x_wconf 86' lang='grc' dir='ltr'><strong>Β,</strong></span> <span class='ocrx_word' id='word_1_192' title='bbox 1116 2299 1153 2362; x_wconf 87' lang='lat' dir='ltr'><strong>D.</strong></span> <span class='ocrx_word' id='word_1_193' title='bbox 1182 2304 1201 2362; x_wconf 77' lang='grc'><strong>1</strong></span> <span class='ocrx_word' id='word_1_194' title='bbox 1221 2303 1313 2378; x_wconf 88' lang='lat' dir='ltr'><strong>Paris,</strong></span> 
     </span>
     <span class='ocr_line' id='line_1_19' title="bbox 167 2398 1313 2482; baseline 0.002 -24"><span class='ocrx_word' id='word_1_195' title='bbox 167 2398 213 2458; x_wconf 78' lang='lat' dir='ltr'><strong>An</strong></span> <span class='ocrx_word' id='word_1_196' title='bbox 233 2398 297 2459; x_wconf 89' lang='lat' dir='ltr'><strong>Vll.</strong></span> <span class='ocrx_word' id='word_1_197' title='bbox 319 2399 403 2460; x_wconf 79' lang='lat' dir='ltr'><strong>Toni.</strong></span> <span class='ocrx_word' id='word_1_198' title='bbox 423 2399 447 2462; x_wconf 91' lang='grc'><strong>1.</strong></span> <span class='ocrx_word' id='word_1_199' title='bbox 469 2421 499 2480; x_wconf 93' lang='lat' dir='ltr'><strong>p.</strong></span> <span class='ocrx_word' id='word_1_200' title='bbox 521 2402 636 2466; x_wconf 93' lang='grc'><strong>181-</strong></span> <span class='ocrx_word' id='word_1_201' title='bbox 652 2401 744 2480; x_wconf 73' lang='grc'><strong>181),</strong></span> <span class='ocrx_word' id='word_1_202' title='bbox 765 2408 843 2462; x_wconf 84' lang='lat' dir='ltr'><strong>recte</strong></span> <span class='ocrx_word' id='word_1_203' title='bbox 859 2403 990 2482; x_wconf 86' lang='lat' dir='ltr'><strong>judicant</strong></span> <span class='ocrx_word' id='word_1_204' title='bbox 1008 2402 1159 2464; x_wconf 74' lang='lat' dir='ltr'><strong>Ducarius</strong></span> <span class='ocrx_word' id='word_1_205' title='bbox 1180 2401 1313 2463; x_wconf 85' lang='lat' dir='ltr'><strong>etWal-</strong></span> 
     </span>
     <span class='ocr_line' id='line_1_20' title="bbox 168 2499 1313 2586; baseline 0.005 -28"><span class='ocrx_word' id='word_1_206' title='bbox 168 2499 308 2577; x_wconf 74' lang='lat' dir='ltr'><strong>chancer,</strong></span> <span class='ocrx_word' id='word_1_207' title='bbox 340 2519 425 2581; x_wconf 85' lang='lat' dir='ltr'><strong>quum</strong></span> <span class='ocrx_word' id='word_1_208' title='bbox 448 2521 512 2562; x_wconf 86' lang='lat' dir='ltr'><strong>cnm</strong></span> <span class='ocrx_word' id='word_1_209' title='bbox 540 2521 558 2562; x_wconf 87' lang='lat' dir='ltr'><strong>a</strong></span> <span class='ocrx_word' id='word_1_210' title='bbox 579 2504 698 2585; x_wconf 83' lang='lat' dir='ltr'><strong>simplici</strong></span> <span class='ocrx_word' id='word_1_211' title='bbox 723 2505 816 2566; x_wconf 81' lang='lat' dir='ltr'><strong>nitore</strong></span> <span class='ocrx_word' id='word_1_212' title='bbox 836 2505 956 2586; x_wconf 81' lang='lat' dir='ltr'><strong>exempli</strong></span> <span class='ocrx_word' id='word_1_213' title='bbox 979 2505 1128 2566; x_wconf 81' lang='lat' dir='ltr'><strong>Horatiani</strong></span> <span class='ocrx_word' id='word_1_214' title='bbox 1153 2504 1239 2584; x_wconf 83' lang='lat' dir='ltr'><strong>longe</strong></span> <span class='ocrx_word' id='word_1_215' title='bbox 1259 2505 1313 2566; x_wconf 89' lang='lat' dir='ltr'><strong>ab·</strong></span> 
     </span>
     <span class='ocr_line' id='line_1_21' title="bbox 167 2602 360 2662; baseline -0.016 0"><span class='ocrx_word' id='word_1_216' title='bbox 167 2620 232 2662; x_wconf 83' lang='lat' dir='ltr'><strong>esse</strong></span> <span class='ocrx_word' id='word_1_217' title='bbox 251 2602 360 2662; x_wconf 77' lang='lat' dir='ltr'><strong>dicunt</strong></span> 
     </span>
    </p>
   </div>
   <div class='ocr_carea' id='block_1_4' title="bbox 164 2853 1337 3700">
    <p class='ocr_par' dir='ltr' id='par_1_4' title="bbox 164 2853 1337 3700">
     <span class='ocr_line' id='line_1_22' title="bbox 250 2853 1312 2926; baseline 0.005 -16"><span class='ocrx_word' id='word_1_218' title='bbox 250 2853 283 2926; x_wconf 88' lang='grc'><strong>*)</strong></span> <span class='ocrx_word' id='word_1_219' title='bbox 300 2855 468 2926; x_wconf 82' lang='lat' dir='ltr'><strong>Elegantitm</strong></span> <span class='ocrx_word' id='word_1_220' title='bbox 481 2859 559 2913; x_wconf 79' lang='lat' dir='ltr'><strong>verbi</strong></span> <span class='ocrx_word' id='word_1_221' title='bbox 573 2861 679 2913; x_wconf 66' lang='lat' dir='ltr'><strong>canobo</strong></span> <span class='ocrx_word' id='word_1_222' title='bbox 692 2857 861 2915; x_wconf 82' lang='lat' dir='ltr'><strong>illustrarunt</strong></span> <span class='ocrx_word' id='word_1_223' title='bbox 873 2863 1018 2919; x_wconf 70' lang='lat' dir='ltr'><strong>Sourouba</strong></span> <span class='ocrx_word' id='word_1_224' title='bbox 1032 2869 1060 2917; x_wconf 86' lang='lat' dir='ltr'><strong>et</strong></span> <span class='ocrx_word' id='word_1_225' title='bbox 1077 2863 1189 2918; x_wconf 78' lang='lat' dir='ltr'><strong>Orellius</strong></span> <span class='ocrx_word' id='word_1_226' title='bbox 1202 2862 1236 2915; x_wconf 81' lang='lat' dir='ltr'><strong>sd</strong></span> <span class='ocrx_word' id='word_1_227' title='bbox 1252 2860 1278 2916; x_wconf 90' lang='lat' dir='ltr'><strong>b.</strong></span> <span class='ocrx_word' id='word_1_228' title='bbox 1294 2863 1312 2915; x_wconf 90' lang='grc'><strong>1.</strong></span> 
     </span>
     <span class='ocr_line' id='line_1_23' title="bbox 166 2941 1314 3016; baseline 0.001 -18"><span class='ocrx_word' id='word_1_229' title='bbox 166 2947 195 2998; x_wconf 79' lang='lat' dir='ltr'><strong>at</strong></span> <span class='ocrx_word' id='word_1_230' title='bbox 215 2943 340 2996; x_wconf 65' lang='lat' dir='ltr'><strong>morsu·</strong></span> <span class='ocrx_word' id='word_1_231' title='bbox 359 2941 394 2995; x_wconf 80' lang='lat' dir='ltr'><strong>od</strong></span> <span class='ocrx_word' id='word_1_232' title='bbox 414 2943 473 2996; x_wconf 82' lang='lat' dir='ltr'><strong>Cic.</strong></span> <span class='ocrx_word' id='word_1_233' title='bbox 494 2945 578 2996; x_wconf 77' lang='lat' dir='ltr'><strong>Tusa.</strong></span> <span class='ocrx_word' id='word_1_234' title='bbox 594 2945 747 3010; x_wconf 83' lang='lat'><strong>3,11,25.</strong></span> <span class='ocrx_word' id='word_1_235' title='bbox 768 2947 869 2999; x_wconf 85' lang='lat' dir='ltr'><strong>Dubito</strong></span> <span class='ocrx_word' id='word_1_236' title='bbox 883 2955 986 3016; x_wconf 66' lang='lat' dir='ltr'><strong>suurn,</strong></span> <span class='ocrx_word' id='word_1_237' title='bbox 1006 2955 1116 3001; x_wconf 80' lang='lat' dir='ltr'><strong>rectane</strong></span> <span class='ocrx_word' id='word_1_238' title='bbox 1137 2945 1181 2999; x_wconf 90' lang='lat' dir='ltr'><strong>bic</strong></span> <span class='ocrx_word' id='word_1_239' title='bbox 1199 2945 1314 3016; x_wconf 72' lang='lat' dir='ltr'><strong>intelligi</strong></span> 
     </span>
     <span class='ocr_line' id='line_1_24' title="bbox 164 3029 1314 3102; baseline 0.004 -20"><span class='ocrx_word' id='word_1_240' title='bbox 164 3029 262 3096; x_wconf 74' lang='lat' dir='ltr'><strong>iubant</strong></span> <span class='ocrx_word' id='word_1_241' title='bbox 287 3041 341 3096; x_wconf 72' lang='lat' dir='ltr'><strong>ego</strong></span> <span class='ocrx_word' id='word_1_242' title='bbox 365 3036 475 3094; x_wconf 76' lang='lat' dir='ltr'><strong>contro,</strong></span> <span class='ocrx_word' id='word_1_243' title='bbox 500 3045 552 3098; x_wconf 79' lang='lat' dir='ltr'><strong>ego</strong></span> <span class='ocrx_word' id='word_1_244' title='bbox 577 3045 637 3082; x_wconf 81' lang='lat' dir='ltr'><strong>coro</strong></span> <span class='ocrx_word' id='word_1_245' title='bbox 652 3029 743 3082; x_wconf 75' lang='lat' dir='ltr'><strong>Bauer</strong></span> <span class='ocrx_word' id='word_1_246' title='bbox 757 3031 791 3082; x_wconf 82' lang='lat' dir='ltr'><strong>sd</strong></span> <span class='ocrx_word' id='word_1_247' title='bbox 815 3033 910 3084; x_wconf 84' lang='lat' dir='ltr'><strong>Sauct.</strong></span> <span class='ocrx_word' id='word_1_248' title='bbox 926 3031 993 3086; x_wconf 83' lang='lat' dir='ltr'><strong>Min.</strong></span> <span class='ocrx_word' id='word_1_249' title='bbox 1005 3033 1042 3086; x_wconf 87' lang='lat' dir='ltr'><strong>tt.</strong></span> <span class='ocrx_word' id='word_1_250' title='bbox 1060 3049 1088 3102; x_wconf 95' lang='lat' dir='ltr'><strong>p.</strong></span> <span class='ocrx_word' id='word_1_251' title='bbox 1110 3029 1188 3096; x_wconf 50' lang='lat'><strong>2854</strong></span> <span class='ocrx_word' id='word_1_252' title='bbox 1207 3033 1314 3086; x_wconf 63' lang='lat' dir='ltr'><strong>amno</strong></span> 
     </span>
     <span class='ocr_line' id='line_1_25' title="bbox 166 3109 1314 3187; baseline 0.002 -19"><span class='ocrx_word' id='word_1_253' title='bbox 166 3114 237 3168; x_wconf 86' lang='lat' dir='ltr'><strong>uude</strong></span> <span class='ocrx_word' id='word_1_254' title='bbox 260 3109 379 3182; x_wconf 84' lang='lat' dir='ltr'><strong>positum</strong></span> <span class='ocrx_word' id='word_1_255' title='bbox 392 3113 503 3166; x_wconf 80' lang='lat' dir='ltr'><strong>mediam</strong></span> <span class='ocrx_word' id='word_1_256' title='bbox 520 3113 663 3184; x_wconf 84' lang='lat' dir='ltr'><strong>disrumpit</strong></span> <span class='ocrx_word' id='word_1_257' title='bbox 677 3113 823 3168; x_wconf 80' lang='lat' dir='ltr'><strong>orationem</strong></span> <span class='ocrx_word' id='word_1_258' title='bbox 838 3115 911 3184; x_wconf 89' lang='lat' dir='ltr'><strong>(Cic.</strong></span> <span class='ocrx_word' id='word_1_259' title='bbox 926 3116 1002 3174; x_wconf 80' lang='lat' dir='ltr'><strong>Luci.</strong></span> <span class='ocrx_word' id='word_1_260' title='bbox 1019 3115 1045 3187; x_wconf 86' lang='lat'><strong>5,</strong></span> <span class='ocrx_word' id='word_1_261' title='bbox 1063 3118 1106 3172; x_wconf 91' lang='grc'><strong>17.</strong></span> <span class='ocrx_word' id='word_1_262' title='bbox 1131 3115 1189 3170; x_wconf 88' lang='lat' dir='ltr'><strong>Cic.</strong></span> <span class='ocrx_word' id='word_1_263' title='bbox 1205 3117 1260 3187; x_wconf 81' lang='lat' dir='ltr'><strong>Ep.</strong></span> <span class='ocrx_word' id='word_1_264' title='bbox 1279 3117 1314 3170; x_wconf 79' lang='lat' dir='ltr'><strong>ad</strong></span> 
     </span>
     <span class='ocr_line' id='line_1_26' title="bbox 168 3193 1314 3272; baseline 0.003 -20"><span class='ocrx_word' id='word_1_265' title='bbox 168 3201 229 3252; x_wconf 82' lang='lat' dir='ltr'><strong>Div.</strong></span> <span class='ocrx_word' id='word_1_266' title='bbox 246 3199 280 3264; x_wconf 93' lang='grc'><strong>8,</strong></span> <span class='ocrx_word' id='word_1_267' title='bbox 296 3193 345 3262; x_wconf 88' lang='grc'><strong>16,</strong></span> <span class='ocrx_word' id='word_1_268' title='bbox 361 3197 434 3266; x_wconf 90' lang='grc'><strong>11.),</strong></span> <span class='ocrx_word' id='word_1_269' title='bbox 449 3206 478 3252; x_wconf 88' lang='lat' dir='ltr'><strong>ut</strong></span> <span class='ocrx_word' id='word_1_270' title='bbox 492 3198 599 3270; x_wconf 77' lang='lat' dir='ltr'><strong>opinor,</strong></span> <span class='ocrx_word' id='word_1_271' title='bbox 615 3193 814 3268; x_wconf 78' lang='lat' dir='ltr'><strong>credo‚.olpuc,</strong></span> <span class='ocrx_word' id='word_1_272' title='bbox 830 3199 881 3252; x_wconf 77' lang='lat' dir='ltr'><strong>cler</strong></span> <span class='ocrx_word' id='word_1_273' title='bbox 896 3208 925 3256; x_wconf 85' lang='lat' dir='ltr'><strong>at</strong></span> <span class='ocrx_word' id='word_1_274' title='bbox 938 3201 1032 3256; x_wconf 81' lang='lat' dir='ltr'><strong>similis</strong></span> <span class='ocrx_word' id='word_1_275' title='bbox 1046 3201 1118 3272; x_wconf 78' lang='lat' dir='ltr'><strong>apud</strong></span> <span class='ocrx_word' id='word_1_276' title='bbox 1132 3203 1251 3256; x_wconf 78' lang='lat' dir='ltr'><strong>Graecos</strong></span> <span class='ocrx_word' id='word_1_277' title='bbox 1266 3201 1314 3272; x_wconf 84' lang='lat' dir='ltr'><strong>(dc</strong></span> 
     </span>
     <span class='ocr_line' id='line_1_27' title="bbox 166 3279 1312 3357; baseline 0.007 -21"><span class='ocrx_word' id='word_1_278' title='bbox 166 3285 264 3355; x_wconf 85' lang='lat' dir='ltr'><strong>quibus</strong></span> <span class='ocrx_word' id='word_1_279' title='bbox 280 3282 316 3336; x_wconf 84' lang='lat' dir='ltr'><strong>cs.</strong></span> <span class='ocrx_word' id='word_1_280' title='bbox 333 3279 424 3336; x_wconf 81' lang='lat' dir='ltr'><strong>Herm.</strong></span> <span class='ocrx_word' id='word_1_281' title='bbox 440 3283 473 3336; x_wconf 85' lang='lat' dir='ltr'><strong>ud</strong></span> <span class='ocrx_word' id='word_1_282' title='bbox 488 3285 599 3337; x_wconf 86' lang='lat' dir='ltr'><strong>Lucian.</strong></span> <span class='ocrx_word' id='word_1_283' title='bbox 615 3282 648 3335; x_wconf 84' lang='lat' dir='ltr'><strong>do</strong></span> <span class='ocrx_word' id='word_1_284' title='bbox 663 3283 796 3337; x_wconf 85' lang='lat' dir='ltr'><strong>conscrib.</strong></span> <span class='ocrx_word' id='word_1_285' title='bbox 816 3284 919 3339; x_wconf 79' lang='lat' dir='ltr'><strong>Histor.</strong></span> <span class='ocrx_word' id='word_1_286' title='bbox 933 3285 978 3341; x_wconf 86' lang='grc'><strong>67.</strong></span> <span class='ocrx_word' id='word_1_287' title='bbox 995 3305 1023 3357; x_wconf 89' lang='lat' dir='ltr'><strong>p.</strong></span> <span class='ocrx_word' id='word_1_288' title='bbox 1034 3287 1128 3356; x_wconf 61' lang='grc'><strong>831),</strong></span> <span class='ocrx_word' id='word_1_289' title='bbox 1147 3287 1204 3340; x_wconf 80' lang='lat' dir='ltr'><strong>vit.</strong></span> <span class='ocrx_word' id='word_1_290' title='bbox 1223 3287 1312 3344; x_wconf 76' lang='lat' dir='ltr'><strong>Bentt</strong></span> 
     </span>
     <span class='ocr_line' id='line_1_28' title="bbox 165 3368 1313 3443; baseline 0.003 -21"><span class='ocrx_word' id='word_1_291' title='bbox 165 3369 200 3422; x_wconf 80' lang='lat' dir='ltr'><strong>sd</strong></span> <span class='ocrx_word' id='word_1_292' title='bbox 219 3371 281 3422; x_wconf 69' lang='lat' dir='ltr'><strong>snt.</strong></span> <span class='ocrx_word' id='word_1_293' title='bbox 293 3371 319 3434; x_wconf 87' lang='lat'><strong>2,</strong></span> <span class='ocrx_word' id='word_1_294' title='bbox 333 3368 359 3436; x_wconf 89' lang='grc'><strong>7,</strong></span> <span class='ocrx_word' id='word_1_295' title='bbox 371 3369 414 3423; x_wconf 87' lang='grc'><strong>68.</strong></span> <span class='ocrx_word' id='word_1_296' title='bbox 428 3369 488 3425; x_wconf 90' lang='lat' dir='ltr'><strong>coll.</strong></span> <span class='ocrx_word' id='word_1_297' title='bbox 502 3369 573 3421; x_wconf 81' lang='lat' dir='ltr'><strong>intra</strong></span> <span class='ocrx_word' id='word_1_298' title='bbox 589 3371 630 3435; x_wconf 88' lang='lat'><strong>16,</strong></span> <span class='ocrx_word' id='word_1_299' title='bbox 645 3369 687 3423; x_wconf 87' lang='grc'><strong>78.</strong></span> <span class='ocrx_word' id='word_1_300' title='bbox 701 3386 761 3424; x_wconf 90' lang='lat' dir='ltr'><strong>ann.</strong></span> <span class='ocrx_word' id='word_1_301' title='bbox 780 3369 865 3425; x_wconf 85' lang='lat' dir='ltr'><strong>critic.</strong></span> <span class='ocrx_word' id='word_1_302' title='bbox 880 3371 1013 3425; x_wconf 83' lang='lat' dir='ltr'><strong>Similiter</strong></span> <span class='ocrx_word' id='word_1_303' title='bbox 1023 3391 1050 3429; x_wconf 85' lang='lat' dir='ltr'><strong>r.</strong></span> <span class='ocrx_word' id='word_1_304' title='bbox 1063 3375 1105 3428; x_wconf 82' lang='lat'><strong>22.</strong></span> <span class='ocrx_word' id='word_1_305' title='bbox 1116 3371 1206 3443; x_wconf 77' lang='lat' dir='ltr'><strong>uideo,</strong></span> <span class='ocrx_word' id='word_1_306' title='bbox 1224 3371 1269 3424; x_wconf 90' lang='lat' dir='ltr'><strong>ubi</strong></span> <span class='ocrx_word' id='word_1_307' title='bbox 1283 3380 1313 3426; x_wconf 87' lang='lat' dir='ltr'><strong>ut</strong></span> 
     </span>
     <span class='ocr_line' id='line_1_29' title="bbox 164 3451 1337 3526; baseline 0.005 -18"><span class='ocrx_word' id='word_1_308' title='bbox 164 3455 217 3508; x_wconf 78' lang='lat' dir='ltr'><strong>otu.</strong></span> <span class='ocrx_word' id='word_1_309' title='bbox 233 3454 451 3524; x_wconf 80' lang='lat' dir='ltr'><strong>exspectaveris.</strong></span> <span class='ocrx_word' id='word_1_310' title='bbox 491 3451 533 3508; x_wconf 72' lang='lat' dir='ltr'><strong>lto</strong></span> <span class='ocrx_word' id='word_1_311' title='bbox 548 3461 677 3523; x_wconf 78' lang='lat' dir='ltr'><strong>sequente</strong></span> <span class='ocrx_word' id='word_1_312' title='bbox 690 3455 867 3524; x_wconf 72' lang='lat' dir='ltr'><strong>Coniunctivc</strong></span> <span class='ocrx_word' id='word_1_313' title='bbox 884 3455 940 3512; x_wconf 83' lang='lat' dir='ltr'><strong>rid.</strong></span> <span class='ocrx_word' id='word_1_314' title='bbox 951 3457 1043 3512; x_wconf 80' lang='lat' dir='ltr'><strong>Kritz.</strong></span> <span class='ocrx_word' id='word_1_315' title='bbox 1058 3458 1093 3512; x_wconf 82' lang='lat' dir='ltr'><strong>ad</strong></span> <span class='ocrx_word' id='word_1_316' title='bbox 1107 3457 1174 3510; x_wconf 77' lang='lat' dir='ltr'><strong>Sall.</strong></span> <span class='ocrx_word' id='word_1_317' title='bbox 1189 3457 1251 3513; x_wconf 84' lang='lat' dir='ltr'><strong>Cat.</strong></span> <span class='ocrx_word' id='word_1_318' title='bbox 1267 3455 1311 3526; x_wconf 77' lang='lat'><strong>52,</strong></span> <span class='ocrx_word' id='word_1_319' title='bbox 1331 3491 1337 3505; x_wconf 65' lang='grc' dir='ltr'>ι</span> 
     </span>
     <span class='ocr_line' id='line_1_30' title="bbox 166 3537 1313 3614; baseline 0 -18"><span class='ocrx_word' id='word_1_320' title='bbox 166 3541 209 3596; x_wconf 80' lang='grc'><strong>28.</strong></span> <span class='ocrx_word' id='word_1_321' title='bbox 224 3539 312 3594; x_wconf 68' lang='grc' dir='ltr'><strong>Νη.</strong></span> <span class='ocrx_word' id='word_1_322' title='bbox 324 3537 429 3592; x_wconf 76' lang='lat' dir='ltr'><strong>stibis.</strong></span> <span class='ocrx_word' id='word_1_323' title='bbox 444 3541 487 3608; x_wconf 79' lang='lat'><strong>21,</strong></span> <span class='ocrx_word' id='word_1_324' title='bbox 502 3541 545 3607; x_wconf 91' lang='grc'><strong>19,</strong></span> <span class='ocrx_word' id='word_1_325' title='bbox 560 3541 602 3594; x_wconf 89' lang='grc'><strong>10.</strong></span> <span class='ocrx_word' id='word_1_326' title='bbox 625 3540 750 3594; x_wconf 80' lang='lat' dir='ltr'><strong>Ceterum</strong></span> <span class='ocrx_word' id='word_1_327' title='bbox 764 3541 792 3592; x_wconf 95' lang='lat' dir='ltr'><strong>in</strong></span> <span class='ocrx_word' id='word_1_328' title='bbox 806 3559 907 3596; x_wconf 84' lang='lat' dir='ltr'><strong>ornnem</strong></span> <span class='ocrx_word' id='word_1_329' title='bbox 920 3559 977 3596; x_wconf 84' lang='lat' dir='ltr'><strong>rem</strong></span> <span class='ocrx_word' id='word_1_330' title='bbox 990 3559 1072 3614; x_wconf 78' lang='lat' dir='ltr'><strong>snpra</strong></span> <span class='ocrx_word' id='word_1_331' title='bbox 1086 3544 1234 3614; x_wconf 81' lang='lat' dir='ltr'><strong>expositam</strong></span> <span class='ocrx_word' id='word_1_332' title='bbox 1250 3561 1313 3596; x_wconf 79' lang='lat' dir='ltr'><strong>ecn-</strong></span> 
     </span>
     <span class='ocr_line' id='line_1_31' title="bbox 164 3624 1059 3700; baseline 0.007 -22"><span class='ocrx_word' id='word_1_333' title='bbox 164 3626 237 3680; x_wconf 83' lang='lat' dir='ltr'><strong>tarra</strong></span> <span class='ocrx_word' id='word_1_334' title='bbox 252 3641 307 3680; x_wconf 88' lang='lat' dir='ltr'><strong>non</strong></span> <span class='ocrx_word' id='word_1_335' title='bbox 319 3624 428 3696; x_wconf 75' lang='lat' dir='ltr'><strong>pigebit</strong></span> <span class='ocrx_word' id='word_1_336' title='bbox 441 3625 576 3680; x_wconf 82' lang='lat' dir='ltr'><strong>binustuc</strong></span> <span class='ocrx_word' id='word_1_337' title='bbox 590 3625 736 3696; x_wconf 80' lang='lat' dir='ltr'><strong>exemplum</strong></span> <span class='ocrx_word' id='word_1_338' title='bbox 752 3628 822 3698; x_wconf 79' lang='lat' dir='ltr'><strong>apud</strong></span> <span class='ocrx_word' id='word_1_339' title='bbox 836 3628 956 3700; x_wconf 78' lang='lat' dir='ltr'><strong>Alcipbr.</strong></span> <span class='ocrx_word' id='word_1_340' title='bbox 971 3628 999 3700; x_wconf 79' lang='grc'><strong>3,</strong></span> <span class='ocrx_word' id='word_1_341' title='bbox 1014 3632 1059 3684; x_wconf 84' lang='lat'><strong>70.</strong></span> 
     </span>
    </p>
   </div>
   <div class='ocr_carea' id='block_1_5' title="bbox 0 0 1690 5328">
    <p class='ocr_par' dir='ltr' id='par_1_5' title="bbox 0 0 1690 5328">
     <span class='ocr_line' id='line_1_32' title="bbox 0 0 1690 5328; baseline 0 2"><span class='ocrx_word' id='word_1_342' title='bbox 0 0 1690 5328; x_wconf 95' lang='lat' dir='ltr'><strong> </strong></span> 
     </span>
    </p>
   </div>
  </div>
 </body>
</html>
