3430 5324
338 505 400 572 144
425 501 711 568 consummar
724 503 768 566 ΙΝ
781 500 950 567 nostru
962 499 1038 568 LlB.
1054 506 1076 565 l.
1091 501 1216 567 EPIST.
1228 503 1404 570 Duonrc.
1433 509 1500 575 144

336 715 398 756 vor.
420 693 500 752 lucri
517 693 674 772 junxerim,
694 697 727 750 ut
746 689 860 752 arabica
880 701 967 750 tantu
987 701 1016 749 et
1035 695 1179 772 contagio
1199 692 1280 753 tucri
1300 695 1499 772 „irritamenta

336 799 418 878 quasi
437 796 599 875 cupiditatis
619 794 701 854 sint“
720 795 768 852 vel
785 795 901 854 nimium
921 793 963 854 rei
984 796 1165 873 qmerendnc
1181 797 1315 872 studium,
1338 799 1498 876 quodma·

335 902 427 962 1imos
447 899 577 956 minimus
598 897 690 958 morbi
710 898 801 958 instar
819 898 932 958 invadit
952 902 983 956 et
1002 913 1112 956 veneno
1136 897 1245 957 meruli
1264 901 1430 978 corrumpit.
1461 901 1498 961 ln

334 1001 473 1063 vocabulo
494 999 574 1058 tucri
592 1016 662 1057 cave
683 1001 834 1078 argutaris.
872 999 1026 1077 anmm,
1045 999 1075 1058 h.
1095 999 1116 1059 l.
1134 1017 1198 1060 soc.
1216 997 1360 1058 anblimia
1379 1007 1498 1062 conna-

288 1143 289 1146 =
334 1105 418 1179 mum,
439 1107 485 1161 est
505 1101 583 1180 quod
603 1108 749 1162 nostrates
769 1103 840 1179 „dle
860 1100 1037 1161 materiellen
1057 1100 1246 1162 Interesseu“
1265 1109 1379 1163 vocant.
1415 1105 1498 1164 lllam

335 1206 420 1267 animi
441 1204 604 1281 aeruginem
628 1203 734 1282 ubique
760 1203 847 1262 modo
874 1201 1023 1281 acerbius,
1051 1203 1149 1264 modo
1167 1203 1261 1263 lenius
1287 1211 1368 1264 taxat
1394 1203 1495 1269 Poeta.

338 1309 489 1387 &nquius
509 1313 539 1364 et
559 1305 768 1364 Bcrarnunmcr
789 1311 938 1384 utrumque
965 1304 1034 1364 illud
1061 1305 1178 1367 verbum
1204 1307 1243 1365 ad
1268 1308 1395 1368 animum
1419 1308 1496 1368 rela-

334 1422 396 1475 tum
416 1407 566 1487 „scabiem
588 1407 804 1485 contagiosamt‘
830 1422 895 1466 esse
915 1413 1029 1486 putant.
1071 1406 1117 1467 De
1137 1409 1283 1468 sententia
1303 1408 1412 1468 Romu
1431 1430 1496 1470 sca-

333 1514 397 1574 bies
417 1509 466 1570 illa
491 1511 660 1589 contagiosa
686 1509 885 1588 incormptiori
911 1527 982 1569 aevo
999 1507 1158 1570 Democriti
1186 1511 1356 1590 opponitur,
1384 1513 1493 1590 inquo

333 1635 406 1677 aevo
427 1614 520 1672 minus
541 1614 644 1672 mirum
663 1611 766 1687 fuerit,
792 1616 853 1670 tam
877 1612 974 1690 magni
1002 1612 1087 1672 animi
1113 1613 1258 1674 exstitisse
1281 1613 1492 1693 philosophum.

341 1719 511 1778 Torrentius
526 1716 556 1774 in
575 1721 638 1774 toto
659 1711 748 1773 sentit
763 1712 827 1772 loco
845 1714 1005 1774 irrisionem
1022 1714 1087 1773 lccii
1106 1716 1146 1774 rei
1165 1715 1311 1776 familiaris
1329 1733 1421 1775 curam
1434 1733 1494 1774 non

334 1817 512 1902 abjicientis,
534 1819 587 1878 sed
606 1818 669 1896 pari
690 1817 793 1875 ardore
812 1814 1019 1894 philosophiam
1031 1819 1232 1896 -capesscntis,
1253 1836 1312 1897 qua
1332 1819 1446 1896 quidem
1464 1819 1494 1878 in

333 1904 365 1986 re
386 1921 573 1982 Lambinnm
593 1921 631 1978 ad
651 1937 678 1978 r.
701 1921 751 1983 12.
771 1917 870 1977 habuit
889 1924 1044 1978 auctorem
1075 1920 1245 1996 Quanquam
1264 1921 1423 1982 recfissime
1443 1921 1492 1978 ob-

334 2027 462 2089 servavit
479 2024 648 2082 Ducarius.-
680 2019 834 2092 „Scabies
855 2029 884 2078 et
909 2023 1052 2100 contagia
1077 2020 1159 2080 lucri
1184 2039 1221 2080 ne
1245 2026 1315 2080 sont
1340 2040 1394 2100 pas
1420 2024 1493 2082 dnus

332 2131 415 2206 Itium,
434 2128 505 2188 mais
525 2131 627 2184 auteur
640 2121 749 2182 d'ltiuc.
780 2123 822 2181 Ce
836 2127 904 2184 sont
918 2121 962 2182 les
976 2125 1055 2183 vices
1071 2125 1110 2184 du
1125 2121 1247 2199 sibcle,“
1271 2124 1368 2184 nendo
1386 2130 1494 2203 tamem

332 2250 401 2295 num
426 2233 457 2290 in
482 2227 577 2287 verbis
604 2226 747 2304 contagia
771 2226 851 2283 lccri
877 2225 1088 2305 perfectivam
1115 2226 1259 2304 quandam
1285 2225 1494 2288 cavillationem

332 2335 424 2395 locius
443 2331 616 2409 intelligatur
633 2327 735 2388 leviter
753 2332 858 2404 tactus,
880 2327 926 2388 cui
945 2327 992 2387 vel
1013 2327 1093 2386 lucri
1109 2345 1177 2386 cura
1199 2333 1357 2407 apatrono
1377 2333 1493 2391 claman-

332 2439 401 2496 dats
426 2438 522 2508 esset,
552 2429 599 2490 rel
620 2432 664 2489 cui
683 2429 739 2508 ipsi
761 2433 862 2508 utpote
882 2431 959 2489 bono
980 2428 1160 2508 procuratori
1179 2429 1286 2490 reditus
1307 2438 1422 2492 suenus
1441 2451 1494 2490 au·

332 2537 419 2617 gandi
448 2539 549 2592 essem
572 2533 638 2592 visi.
683 2531 827 2608 Quicquid
855 2538 917 2610 est,
951 2523 1071 2612 prorsus
1097 2529 1241 2590 abhorreo
1269 2531 1306 2591 ab
1335 2533 1494 2613 interprete

335 2636 506 2699 Schellcrc:
537 2631 653 2711 „Wenn
678 2632 717 2690 du
743 2631 883 2692 besesseu
906 2652 974 2693 von»
993 2631 1141 2692 solsherlei
1165 2633 1258 2692 Kritz
1278 2633 1338 2694 und
1358 2636 1492 2712 rindigcr

331 2738 491 2817 Habgier.“
527 2734 574 2795 Dc
598 2735 627 2792 vi
652 2733 808 2812 particulae
834 2737 912 2793 incer
937 2734 1081 2795 exclusiva
1105 2737 1172 2794 vide
1195 2741 1293 2796 annot.
1317 2738 1357 2796 acl
1377 2732 1417 2812 l,
1438 2738 1491 2802 12.

331 2843 396 2903 coll.
419 2842 502 2900 Cort.
524 2840 561 2898 ed
581 2837 700 2896 Sallust.
723 2835 788 2898 Cat.
810 2837 843 2914 3,
865 2835 895 2901 4.
916 2838 953 2896 ed
974 2837 1037 2896 Cic.
1057 2835 1143 2916 Epist
1160 2839 1198 2898 ad
1217 2836 1284 2898 niv.
1304 2840 1356 2918 10,
1372 2835 1405 2915 4,
1428 2841 1492 2926 11.‚

330 2946 368 3005 de
390 2943 531 3003 translato
558 2959 614 2999 usu
640 2957 669 2998 v.
691 2937 772 2998 acab.
793 2939 881 2998 biart.
898 2939 942 3015 Ἰ5,
965 2939 1023 3016 60,
1047 2941 1097 3002 11.
1128 2939 1274 3000 Goerenm
1301 2943 1339 3000 ad
1365 2941 1429 2999 Gic.
1455 2939 1493 2997 de

329 3045 423 3124 chg·
445 3048 473 3121 1,
493 3045 543 3118 17,
561 3040 614 3106 47.
636 3042 774 3102 Prudent
788 3040 893 3100 Perisi.
909 3041 942 3118 3,
961 3041 1033 3105 253.
1052 3037 1105 3118 (ib.
1122 3040 1256 3102 Nebriss.
1275 3061 1305 3120 p·
1318 3039 1376 3120 64)
1401 3041 1493 3118 Qnir-

330 3150 399 3228 quis
418 3146 538 3204 tacendi
556 3147 759 3222 intemperans
781 3143 908 3202 Silentia
922 3144 1028 3220 prurit
1044 3143 1180 3222 prodere,
1210 3145 1344 3204 Vesana
1364 3152 1394 3198 ct
1409 3140 1493 3199 scal-

325 3251 377 3329 pit
386 3252 474 3321 jecor
496 3243 694 3326 Scabiemque
714 3239 812 3304 cor-riis
830 3246 965 3304 ausina.
1002 3241 1050 3303 De
1069 3244 1217 3304 Lambini
1235 3244 1378 3304 sententia
1395 3241 1491 3302 locum

328 3351 518 3410 Horatianum
543 3351 669 3427 respexit
697 3345 807 3408 huson.
836 3349 866 3405 iu
892 3343 987 3423 Eclyll.
1014 3343 1066 3406 XI.
1095 3365 1124 3425 p.
1143 3345 1213 3410 190.
1235 3347 1281 3406 ecl.
1295 3346 1367 3425 Rip.
1394 3345 1492 3402 Hunc

329 3453 591 3511 locum-nostra
611 3448 668 3506 illa
688 3449 808 3524 poetica
829 3444 944 3506 scabies
961 3447 1057 3526 coepit
1076 3447 1262 3528 exsculpere.-
1292 3451 1380 3523 cujus
1396 3445 1493 3506 morbi

330 3554 473 3633 quoniam
487 3551 585 3630 facilc
605 3552 782 3629 contagium
803 3560 859 3620 cat,
879 3550 997 3608 utinam
1017 3549 1064 3608 ad·
1079 3561 1108 3608 te
1129 3571 1245 3631 qnoque
1260 3553 1391 3631 prurigo
1409 3569 1490 3608 ccm-

329 3655 447 3733 migrst.
481 3649 568 3721 Quod
588 3639 692 3712 attinet
708 3653 746 3711 ad
762 3670 846 3712 usum
858 3671 893 3710 τ.
903 3653 1092 3730 contagionis
1106 3655 1182 3712 coni.
1205 3653 1345 3714 Prudent.
1359 3653 1487 3711 cathem.

328 3761 361 3837 7,
382 3757 434 3821 33,
456 3751 588 3836 (Weitn.)
610 3749 660 3813 Nc
681 3751 718 3814 dc
734 3755 906 3834 propinquo
922 3753 1056 3812 sordium
1078 3755 1217 3833 contagiis
1236 3755 1334 3812 Dirus
1355 3755 1490 3833 antnm

197 3875 200 3890 ¹
328 3860 461 3919 mundus
480 3855 606 3936 afflant
621 3858 730 3926 chum.
752 3857 880 3936 Herzog.
901 3865 932 3918 et
949 3857 1042 3919 Kritz.
1060 3859 1098 3916 sd
1116 3856 1186 3915 Sall.
1204 3857 1266 3916 Cal.
1284 3857 1336 3932 10,
1354 3859 1385 3919 6.
1406 3855 1489 3918 (tier.

328 3963 365 4022 ad
385 3961 447 4020 Cic.
470 3961 507 4019 de
528 3955 624 4019 Divin.
648 3963 682 4040 1,
710 3961 772 4036 30,
798 3961 850 4023 63.
881 3958 1004 4038 Rupert.
1032 3961 1073 4020 ad
1098 3958 1172 4018 Tac.
1201 3955 1277 4018 Ana
1308 3961 1344 4036 1,
1369 3957 1429 4036 13,
1455 3959 1488 4022 3.

328 4065 447 4123 lisinam.
470 4063 508 4120 ad
528 4060 663 4122 Laetant.
685 4059 757 4120 inst.
778 4059 809 4136 b,
832 4062 884 4137 12,
904 4061 934 4124 2.
954 4063 1039 4122 Cart.
1061 4063 1099 4120 cul
1119 4059 1229 4122 Lucan.
1250 4061 1283 4137 3,
1305 4062 1381 4129 322.
1400 4059 1487 4121 Ouid.

328 4165 419 4225 Trist.
440 4163 472 4240 3,
488 4163 520 4238 9,
538 4164 589 4229 25.
605 4166 651 4224 ed.
667 4161 704 4223 L.
719 4192 756 4208 ·-·
779 4161 816 4222 V.
836 4161 887 4225 15.
913 4162 974 4220 Nn
984 4181 1117 4242 parmen
1135 4165 1253 4242 suprius,
1275 4163 1294 4223 i.
1310 4183 1337 4224 e.
1359 4167 1486 4245 φρονῇς.

329 4309 536 4322 —b—-b

326 4387 361 4441 iis
375 4408 428 4445 non
442 4392 576 4460 refragor,
596 4396 685 4442 tamen
700 4401 768 4455 cum,
786 4385 833 4459 qui
852 4403 908 4442 rem
928 4385 1008 4440 latius
1028 4391 1124 4458 patere
1141 4387 1306 4458 crediderit,
1327 4403 1419 4442 errare
1433 4403 1489 4442 non

327 4474 456 4530 arbitror.
498 4475 561 4530 Alia
582 4479 669 4529 cuum
690 4471 751 4524 luca
770 4473 850 4534 hunc,
862 4474 947 4538 buum
966 4473 1113 4541 illmuui,
1136 4473 1346 4544 siccujsctursc
1364 4473 1400 4528 acl
1417 4490 1446 4528 a.
1460 4472 1488 4527 3.

326 4557 484 4630 propositas
497 4559 652 4631 indulseris,
673 4563 796 4628 apparet.
