3372 5328
183 525 246 588 118
274 519 482 584 oounuN'r.
498 523 540 583 lot
555 523 648 588 HOR.
666 523 742 585 Llll.
756 525 776 584 Ι.
798 524 921 586 lil’lS'l'.
937 526 1075 597 QUlNT.
1090 527 1222 590 Duum.
1256 525 1317 591 att

180 709 211 786 5,
234 711 312 791 12),
334 707 430 788 quales
446 711 582 789 imprimis
603 717 663 771 tum
682 721 765 772 erant
783 711 876 771 villae
893 712 1040 784 urbanus,
1054 719 1208 792 praetoria
1226 719 1316 797 [Suet.

181 811 255 890 Aug.
276 815 326 878 72.
350 811 416 872 Tib.
436 813 488 874 89.
517 811 608 891 Calig.
630 814 681 876 37.
709 814 770 878 Tit.
796 817 826 879 8.
851 814 960 878 Pallad.
981 816 1016 876 ll.
1037 815 1072 880 R.
1099 821 1129 893 1,
1150 822 1180 882 8.
1207 821 1318 880 uene

178 915 217 974 ad
242 913 315 977 Gall.
337 914 360 972 1.
383 935 411 992 p.
431 912 501 977 sot.
522 914 561 978 Ν.
582 913 654 994 20.].
705 916 779 976 llinc
804 937 861 978 noo
888 919 1030 979 assentior
1065 919 1199 979 lbmebo
1225 921 1316 999 (lov.

182 1015 316 1093 27,16.)
345 1016 512 1096 explicanti,
540 1019 704 1092 „certiores
727 1039 792 1078 esse
813 1039 883 1098 opes
904 1039 968 1096 eas,
995 1039 1068 1097 quae
1088 1021 1161 1080 villis
1183 1027 1213 1082 et
1230 1027 1317 1102 agris,

177 1137 262 1196 quam
288 1113 361 1197 quae
387 1118 508 1180 nummis
533 1123 582 1176 aut
606 1119 692 1179 rebus
711 1119 888 1181 moventibus
909 1123 1082 1181 constitutae
1104 1123 1199 1200 sint,“
1225 1145 1317 1204 neque

177 1221 263 1284 Dan.
284 1222 412 1280 Heinsio
433 1217 572 1292 „nitidas
593 1221 672 1280 villas
694 1223 841 1300 oppositus
860 1225 980 1284 rusticis
1000 1224 1120 1300 dicenti,
1147 1227 1188 1286 ita
1208 1234 1240 1286 ut
1258 1227 1319 1288 llo·

177 1324 266 1383 ratius
287 1322 490 1384 intolerabilem
511 1321 704 1382 Romanorum
724 1324 753 1381 in
772 1327 922 1402 praetoriis
943 1325 1037 1384 luxum
1058 1331 1088 1385 et
1109 1332 1141 1385 ut
1161 1327 1251 1386 Varro
1272 1329 1317 1407 (1,

179 1425 244 1506 18.)
272 1427 364 1503 dicat,
391 1425 558 1486 indomitam
579 1423 723 1484 libidinem
743 1428 903 1505 notaverit,
938 1447 987 1487 eos
1017 1445 1119 1506 sapere
1146 1436 1244 1506 ratus,
1271 1431 1317 1508 qni

176 1548 234 1588 non
254 1531 285 1588 in
304 1529 430 1588 villarum
450 1524 643 1605 (rusticarum)
663 1525 810 1605 fructibus,
830 1547 926 1588 renim
944 1529 972 1587 in
992 1529 1143 1608 splendore
1161 1535 1318 1610 praetorio·

130 1697 136 1707 ,
176 1651 239 1692 rum
266 1638 296 1691 et
323 1631 388 1690 luxu
416 1649 529 1700 suarrrm
555 1630 736 1710 pecuniarum
763 1649 797 1688 ac
823 1649 918 1691 rerum
940 1631 1121 1692 fundamenta
1142 1633 1317 1714 haberent,“

176 1751 273 1811 neque
295 1732 478 1810 Despms'o,
505 1731 553 1808 qui
577 1750 640 1792 nrm
663 1731 725 1790 aliis
745 1731 868 1808 „villam
888 1739 1044 1810 proventus
1071 1741 1166 1796 certos
1191 1739 1318 1800 releren-

175 1836 282 1911 tem,“
312 1853 404 1911 neque
428 1833 577 1904 Dacorio,
608 1833 790 1904 Sanadono,
822 1833 1073 1911 Watckenuen'o,
1104 1839 1153 1914 qui
1180 1840 1318 1918 „amplos

175 1937 288 1996 reditus
308 1935 345 1994 ab
372 1937 476 2014 optime
503 1937 585 1994 cultis
607 1937 685 2012 agris
704 1936 814 2015 percipi
834 1935 951 2015 posse“
978 1937 1008 1996 in
1029 1941 1161 2014 pecunia
1182 1940 1318 2018 fundata

175 2037 285 2102 vident.
330 2038 452 2096 Heimio
482 2057 617 2096 assensus
649 2043 694 2098 est
729 2036 901 2096 octauum
924 2057 1018 2108 meus3
1051 2039 1132 2100 aliter
1161 2042 1179 2102 i.
1203 2065 1227 2108 e.
1256 2063 1318 2102 cum

183 2137 321 2198 tumba
340 2140 542 2218 propemodum
564 2140 688 2198 sentiunt
713 2138 843 2198 Orellt'us
867 2145 901 2199 et
921 2141 1106 2214 Merkelius,
1128 2162 1214 2221 quum
1235 2145 1318 2221 „tor-

175 2247 263 2300 tunas
283 2242 311 2300 in
332 2241 404 2300 villis
419 2242 497 2300 ‘bene
522 2261 555 2301 ac
575 2247 638 2299 tuto
660 2241 812 2301 collocatas
833 2262 897 2302 esse
919 2243 1017 2304 melius
1045 2248 1157 2323 utique,
1187 2249 1271 2323 quam
1294 2246 1318 2305 si

174 2345 206 2404 in
227 2345 326 2404 fenore
353 2345 463 2423 positae
488 2344 616 2404 essent“
643 2343 750 2403 dicunt.
792 2342 830 2402 lt
859 2346 883 2403 si
911 2347 980 2423 quid
1007 2367 1061 2424 ego
1086 2348 1187 2424 video,
1215 2367 1272 2406 non
1289 2349 1318 2406 id

175 2449 237 2526 egit
257 2445 363 2524 Poeta,
391 2447 443 2506 sed
464 2450 496 2504 nt
517 2447 630 2504 omnino
652 2443 767 2504 divitum
789 2447 930 2506 fortunam
951 2446 1023 2507 bene
1044 2455 1150 2508 certam
1169 2455 1268 2528 utpote
1289 2451 1318 2508 in

173 2549 300 2630 praediis
328 2547 483 2626 magnificis
513 2547 694 2626 conspicuam
724 2545 847 2606 instabili
878 2555 964 2627 atque
992 2559 1131 2627 angustae
1160 2552 1317 2611 tenuiorum

173 2651 317 2712 hominnm
340 2652 410 2710 sorti
429 2655 597 2729 opponeret.
639 2651 787 2709 Sententia
808 2649 896 2726 igitur
917 2659 974 2712 est:
998 2654 1086 2729 „Vita
1107 2671 1172 2712 vere
1193 2654 1247 2712 itui
1266 2672 1318 2712 ros

173 2753 255 2813 solos
285 2752 366 2828 dico,
399 2729 520 2829 qfiorum
550 2771 583 2810 er
611 2751 684 2809 villis
715 2771 761 2812 res
793 2771 896 2828 magna
923 2755 1004 2814 nitet.
1047 2755 1159 2814 Etenim
1188 2757 1318 2813 fortunae

173 2862 289 2916 vestrae
309 2856 350 2912 ita
370 2855 538 2912 constitutae
557 2859 632 2927 suot,
652 2859 684 2912 ut
707 2845 924 2934 εὐφραίνεσθαι
944 2847 1014 2916 καθ’
1032 2851 1149 2932 ἡμέραν
1169 2855 1318 2931 possitis,“

173 2957 334 3019 Verborum
354 2959 449 3013 autem
468 2973 548 3012 usum
568 2954 721 3030 sorensem,
741 2956 790 3031 qui
811 2961 855 3012 est
876 2972 922 3032 ap.
945 2954 1006 3013 Cic.
1028 2973 1072 3032 pr.
1094 2952 1166 3014 Bab.
1187 2953 1266 3016 Post.
1291 2958 1319 3018 1.

167 3061 315 3140 fortuitas
341 3054 493 3136 fundatas
525 3065 615 3133 atqua
646 3056 754 3131 optima
786 3055 960 3111 constitutus
993 3073 1123 3132 premere
1157 3054 1224 3113 noli.
1273 3055 1317 3115 Eu

174 3161 280 3221 festive
303 3157 492 3216 Numom‘um
516 3154 629 3214 Vatum
649 3155 789 3216 bominem
810 3155 924 3213 divitem
934 3153 963 3231 *)
984 3173 1104 3232 eumque
1123 3153 1204 3213 villae
1225 3157 1318 3233 cujus·

261 3380 291 3450 ⁸)
316 3383 460 3436 Nostrates
480 3382 586 3436 dicunt:
609 3384 716 3451 „deren
734 3381 836 3436 soliden
857 3380 1014 3436 Reichtlrnm
1033 3399 1091 3436 man
1110 3381 1138 3434 in
1157 3381 1205 3435 der
1220 3382 1320 3437 Pracht

173 3469 250 3522 ihrer
263 3467 354 3520 Villen
368 3469 521 3538 gewahrt.“
547 3473 634 3538 Atque
648 3469 718 3524 haud
732 3469 788 3522 scio
803 3485 835 3521 sn
850 3484 882 3520 ne
900 3467 964 3521 illud
979 3466 1098 3538 quidem,
1113 3466 1151 3519 ita
1167 3474 1197 3520 ut
1209 3470 1318 3523 verbum

166 3556 294 3624 tandm
306 3571 355 3622 pro
366 3551 566 3624 Praepositione
583 3553 610 3606 in
625 3555 760 3624 angendae
774 3551 904 3607 orationis
919 3570 1000 3606 causa
1012 3551 1126 3622 positum
1140 3551 1184 3606 sit.
1209 3553 1250 3606 Da
1265 3553 1319 3607 ld-

171 3639 275 3710 Jsctiso
299 3637 395 3692 nitidus
416 3649 550 3693 externam
575 3638 728 3693 divitiarum
750 3640 867 3710 speciem
891 3637 1163 3708 magnificentiamque
1184 3638 1320 3692 indicante

178 3725 238 3778 ride
252 3722 372 3778 Broukh.
388 3731 416 3777 nt
434 3724 507 3778 Diss.
523 3723 556 3778 ad
571 3723 635 3778 Tib.
655 3722 686 3794 4,
704 3725 811 3798 1,183.
834 3723 939 3795 Gierig.
959 3725 993 3778 ad
1011 3722 1093 3776 ovid.
1108 3723 1174 3776 Mer.
1194 3726 1242 3792 11,
1257 3719 1318 3779 764.

175 3810 238 3866 coll.
254 3811 337 3864 Bacis·
356 3810 390 3862 ad
406 3811 437 3878 2,
451 3809 513 3878 795,
532 3809 654 3882 similiter
671 3811 797 3881 oupmbus
812 3809 866 3863 Od.
883 3813 913 3878 1,
928 3808 977 3877 ³5,
992 3809 1019 3862 3.
1043 3811 1072 3877 2,
1090 3803 1139 3876 11,
1155 3810 1198 3864 27.
1220 3807 1260 3862 De
1273 3809 1318 3875 iis,

176 3896 222 3967 qni
238 3911 333 3964 parum
345 3895 431 3949 solida
450 3895 619 3950 fundamenta
635 3899 796 3967 posuerunt,
819 3895 955 3963 eleganter
970 3894 1093 3948 Lactant.
1110 3897 1176 3948 lnst.
1198 3891 1231 3961 5,
1246 3896 1277 3961 1,
1292 3893 1318 3948 9.

174 3995 288 4048 quorum
300 3995 356 4032 non
369 3989 407 4034 cst
419 3982 517 4036 stabilis
533 3999 563 4034 uc
576 3981 663 4034 solidis
678 3982 808 4035 radicibus
821 3981 939 4046 tandm
956 3988 981 4033 ct
990 3981 1052 4049 fixo
1069 3979 1205 4034 sententio.
1220 3977 1280 4032 liv.
1294 3981 1319 4045 2,

175 4065 260 4130 7,10.
283 4065 389 4117 Adeone
406 4076 444 4120 cer
461 4068 578 4130 tundata
597 4065 685 4120 lorber
696 4069 781 4136 fides,
802 4073 832 4120 ut
849 4075 901 4118 etc.
933 4064 1076 4118 Contraria
1089 4063 1222 4118 sententia
1236 4061 1319 4116 Ovio.

175 4147 245 4203 Met·
259 4143 302 4214 14,
314 4147 376 4202 588.
398 4151 588 4220 bencsaadrtis
599 4151 687 4220 opibus
698 4150 835 4204 crescentis
846 4150 909 4206 Jttt.
926 4148 1039 4213 Quintil.
1051 4149 1166 4203 Declam.
1178 4148 1205 4202 9.
1217 4167 1245 4219 p.
1259 4149 1318 4202 160.

175 4235 225 4290 boc
237 4233 387 4309 fundatum
404 4237 521 4304 paternis
543 4237 666 4306 nutuque
685 4237 774 4307 opibus
792 4237 897 4290 domum
918 4237 1049 4290 exhaurit.
1080 4234 1123 4288 Cf.
1144 4233 1213 4290 Ptin.
1230 4230 1320 4302 Epist.

175 4314 208 4387 1,
224 4322 275 4385 ll,
290 4315 318 4372 8.
340 4315 427 4372 Tacit.
442 4321 514 4380 nist.
529 4324 561 4387 2,
578 4317 622 4376 76.
655 4319 822 4376 Sententiam
838 4321 942 4373 Poetae
960 4319 1045 4389 igitur
1061 4337 1112 4372 non
1128 4323 1264 4372 assecutus
1279 4325 1320 4370 est

177 4402 313 4474 interpres
328 4402 462 4458 (irinum
484 4407 566 4473 „Dor
579 4405 634 4458 sein
649 4407 832 4475 gssammeltss
846 4404 916 4458 Geld
932 4405 1025 4476 anlegt
1043 4419 1076 4458 an
1094 4401 1251 4474 prichtigen
1264 4403 1321 4456 Vil-

178 4487 252 4544 len.“
272 4487 371 4541 Melius
387 4487 537 4544 Paconius:
552 4489 652 4558 „deren
665 4489 940 4561 sichergegrcindetes
956 4491 1012 4544 Gnt
1026 4486 1180 4544 herscheiut
1189 4505 1236 4540 ans
1247 4487 1321 4557 glin-

180 4572 279 4626 ssnden
292 4571 410 4627 Villen.“
439 4573 502 4628 Non
515 4575 605 4646 placat
621 4573 740 4632 Vossius.-
759 4576 873 4646 „Daren
891 4575 1074 4646 pegrindstes
1089 4571 1159 4627 Geld
1174 4572 1280 4628 anlacbt
1292 4574 1320 4627 in

221 4657 328 4712 Horas.
349 4657 386 4712 ll.
986 4649 1026 4716 18
1069 4651 1117 4733 (8)
