3426 5334
386 502 450 568 480
779 497 944 562 EXCURS.
967 496 1020 559 AD
1038 499 1074 558 V.
1093 501 1145 563 91.
1478 503 1534 565 132

385 677 414 736 id
437 676 507 736 ntis
526 675 583 732 iam
603 691 622 731 ι
641 671 783 732 Schmidio
804 679 835 732 et
855 672 1002 734 antzero
1021 671 1173 732 reluutum
1194 675 1248 728 est.
1289 667 1375 731 oliuo
1398 677 1444 730 est
1463 674 1536 730 enirn

382 787 503 856 potores
524 774 622 834 bibuli
636 774 699 832 sine
719 773 911 834 additamento
933 773 1074 853 positum,
1095 771 1171 830 aliud
1188 779 1306 848 potores
1325 769 1425 830 bibuli
1441 773 1536 830 modu

388 879 426 938 ds
454 888 538 935 nocta
563 875 689 934 Falerni
714 875 742 934 h.
761 894 788 934 e.
817 877 866 954 qui
888 876 984 935 media
1005 875 1043 933 de
1069 879 1155 933 noete
1175 872 1328 934 Falernum
1349 874 1459 936 bibunt
1490 873 1535 932 Ne

388 979 514 1039 Oreltius
535 979 648 1056 quidem
667 977 729 1056 ipse
748 975 814 1037 huic
833 983 999 1055 argumento
1019 961 1136 1036 multum
1157 976 1282 1036 uibnere
1301 977 1433 1052 videtur,
1454 996 1537 1055 quum

388 1082 586 1160 gradssimnm
612 1081 731 1139 rationis
759 1098 829 1140 snae
852 1083 1048 1158 argumentum
1076 1080 1173 1152 dicat,
1208 1079 1286 1156 quod
1306 1079 1405 1158 putida
1425 1079 1535 1138 omnino

389 1189 537 1247 videantur
557 1203 603 1247 vv.
625 1183 724 1241 numu
744 1181 782 1240 do
799 1189 883 1239 nocte
902 1189 930 1238 st
943 1190 1097 1240 nocturnos
1110 1201 1235 1259 vapores
1255 1182 1295 1240 ita
1308 1200 1373 1240 sese
1394 1181 1537 1259 excipitu-

388 1291 436 1352 tia.
466 1289 576 1348 Vellem
595 1285 720 1344 Orellins
740 1283 828 1344 verbo
849 1284 1012 1357 docuisset,
1033 1303 1084 1342 cur
1103 1284 1204 1360 putida
1224 1283 1277 1342 sibi
1299 1283 1461 1360 videantur,
1482 1301 1536 1358 ego

389 1400 466 1454 certe
483 1407 612 1450 caussam
625 1386 729 1446 nrdlam
749 1387 873 1445 invento.
903 1385 943 1445 Et
957 1383 1120 1445 antzerus
1133 1386 1263 1464 quiden,
1282 1385 1419 1445 Orelliunr
1432 1385 1536 1441 idcireo

388 1494 490 1555 inillis
511 1491 605 1552 verbis
623 1489 770 1548 offendere
791 1489 969 1566 auspicatur,
989 1487 1083 1565 quod,
1104 1489 1152 1566 qui
1173 1489 1267 1550 medis
1285 1490 1321 1548 de
1342 1493 1428 1545 noete
1449 1485 1536 1558 bibat,

389 1598 416 1655 ei
438 1594 565 1654 nocturni
586 1609 708 1670 vapores
728 1609 786 1649 non
801 1588 860 1648 sint
874 1588 993 1668 amplius
1012 1591 1146 1662 timendi,
1169 1610 1255 1668 quum
1268 1593 1317 1651 diu
1336 1595 1405 1669 post
1417 1590 1536 1650 medam

390 1703 502 1758 noctem
524 1694 647 1754 cubitum
668 1697 732 1766 eat,
753 1692 850 1768 itaque
871 1691 934 1769 ipse
954 1690 1071 1769 statuit,
1091 1690 1242 1751 Horatium
1263 1709 1321 1750 non
1342 1693 1379 1751 de
1400 1699 1536 1750 nocturna

391 1799 554 1879 potatione,
575 1797 627 1856 sed
649 1797 685 1854 de
705 1795 807 1854 diurno
828 1793 956 1852 convivio
978 1795 1129 1872 cogitaam.
1162 1795 1230 1853 Mihi
1248 1813 1331 1853 secus
1353 1796 1472 1854 ridetur.
1505 1795 1535 1850 Si

391 1903 427 1960 de
445 1900 546 1958 diurno
564 1899 691 1957 convivio
704 1897 841 1957 Horatius
859 1897 1014 1974 cogitaret,
1037 1898 1107 1954 satis
1123 1897 1247 1955 otiosum
1266 1903 1345 1956 esset
1359 1899 1536 1957 additamen-

391 2011 465 2062 tum:
494 1999 590 2060 bibuli
616 1997 775 2058 media'de
797 2003 889 2057 nocte
908 1996 1033 2055 Falerni
1038 2039 1052 2068 ,
1078 1998 1182 2057 deinde
1202 1997 1351 2076 potoribus
1379 2007 1537 2078 opponeret

390 2105 532 2164 bominem
551 2109 609 2162 tum
630 2102 771 2177 sobrium,
797 2105 829 2158 ut
850 2119 888 2158 ne
907 2099 954 2157 die
975 2099 1088 2177 quidem
1108 2101 1182 2158 inter
1205 2118 1322 2160 coenam
1342 2102 1438 2160 vinum
1460 2101 1536 2160 bibe·

390 2214 453 2282 ret,
483 2225 553 2282 ergo
574 2221 664 2281 aquae
684 2210 826 2282 potorem.
865 2201 949 2271 Quod
966 2201 1033 2261 mihi
1053 2221 1111 2260 non
1132 2202 1244 2261 videtur
1262 2202 1429 2280 verisimile,
1452 2223 1536 2282 quum

389 2307 499 2368 Lollius
519 2309 581 2366 sine
601 2303 687 2364 dubio
702 2322 758 2362 non
778 2302 803 2361 is
815 2303 918 2380 inerit,
938 2304 982 2362 cui
996 2301 1132 2364 Horatius
1147 2323 1219 2382 opus
1239 2323 1304 2362 esse
1317 2315 1433 2385 putaret
1452 2323 1537 2384 prue-

391 2410 498 2488 eipere:
523 2427 560 2466 ne
581 2409 621 2467 sis
648 2424 739 2484 aquae
764 2409 862 2485 potor.
905 2404 1018 2465 Etenim
1043 2405 1114 2464 hacc
1138 2406 1233 2485 potins
1257 2405 1368 2465 Horatii
1394 2409 1538 2467 sententia

391 2515 449 2571 ert:
471 2509 496 2568 si
517 2527 579 2568 curn
599 2506 747 2587 potoribus
769 2527 817 2584 es,
846 2509 895 2585 qui
914 2508 1056 2586 producto
1078 2509 1115 2567 ad
1136 2509 1256 2568 mediam
1277 2515 1387 2567 nocte·
1409 2511 1536 2568 convivio

390 2611 544 2672 Felemum
570 2609 685 2685 bibunt,
712 2628 749 2669 ne
774 2627 848 2684 nega
875 2614 1008 2687 porrecta
1035 2610 1154 2689 pocula,
1179 2610 1306 2687 quamvis
1330 2611 1427 2670 viuum
1451 2619 1538 2671 nocte

391 2713 522 2773 haustum
547 2729 668 2791 vapores
695 2711 878 2770 excitaturum
904 2710 957 2770 tibi
984 2717 1014 2771 et
1039 2711 1195 2770 nociturum
1221 2730 1286 2771 esre
1314 2716 1408 2790 putes.
1451 2713 1537 2789 Nun,

391 2815 519 2894 quamvis
538 2815 591 2873 hac
610 2814 789 2873 excusatione
813 2832 883 2872 usna
907 2815 1010 2897 tueris,
1038 2819 1133 2873 tamen
1157 2813 1213 2872 iilis
1233 2833 1291 2873 non
1310 2812 1448 2890 placebis.
1495 2815 1538 2873 lta

390 2917 571 2994 intelligitur,
593 2926 752 2974 nocturnos
771 2933 890 2994 prorsus
910 2917 1101 2976 necessarium
1120 2935 1199 2992 esse,
1222 2937 1306 2994 quum
1320 2917 1390 2976 haec
1407 2917 1473 2994 ipsa
1485 2935 1537 2978 vox

391 3019 476 3080 Lollii
503 3019 714 3078 excusationem
743 3017 901 3093 contineat,
930 3022 997 3076 sunt
1020 3019 1094 3076 eninr
1119 3019 1250 3078 nocturni
1278 3037 1398 3096 vapores
1425 3018 1461 3096 ii,
1490 3021 1537 3097 qui

391 3129 475 3182 nocte
495 3123 597 3180 hausto
617 3122 682 3180 vino
704 3122 887 3185 excitantur‚'
908 3118 1047 3180 Diversae
1068 3119 1143 3179 enim
1165 3120 1306 3178 hominum
1325 3127 1442 3182 natiuae
1460 3129 1536 3196 sunt,

391 3223 454 3282 aliis
474 3223 568 3282 vinum
589 3223 635 3282 die
654 3223 798 3299 baustum
824 3215 887 3280 aliis
908 3217 996 3308 :nocte
1020 3223 1164 3282 molestias
1187 3228 1276 3282 creat.
1317 3225 1420 3302 Neque
1441 3225 1536 3301 etiam,

392 3325 423 3384 id
442 3326 519 3403 qnod
535 3325 697 3384 Diutuerns
719 3323 879 3402 significare
898 3325 1026 3400 videtur,
1047 3343 1165 3384 necesse
1182 3331 1227 3384 est
1247 3345 1368 3405 vapores
1387 3326 1538 3386 dormienti

393 3426 566 3497 excitentur,
588 3428 644 3484 imo
664 3445 733 3485 vero
752 3426 807 3485 iam
824 3428 899 3484 inter
917 3423 1069 3485 bibendum
1085 3427 1212 3486 oriuntur
1225 3433 1254 3486 et
1268 3427 1420 3488 insomnias
1436 3435 1537 3509 postea

393 3525 534 3586 efficiunt:
555 3546 612 3606 qua
630 3531 668 3588 de
688 3547 790 3588 caum
804 3529 904 3588 Cicero
926 3529 963 3586 de
986 3536 1095 3594 senem.
1115 3529 1205 3593 c13.
1225 3530 1409 3591 vinolentiam
1426 3539 1460 3592 et
1474 3551 1536 3591 crn-

393 3627 509 3686 ditatem
530 3634 559 3687 et
578 3629 732 3689 insomnias
752 3632 906 3708 coniungit.
940 3629 1040 3708 ltaque
1057 3651 1142 3710 quum
1162 3633 1261 3690 melu
1282 3632 1319 3692 de
1333 3644 1417 3692 uocre
1433 3635 1536 3693 idcireo

394 3729 522 3788 additum
541 3731 594 3807 ait,
616 3738 648 3791 nt
666 3739 803 3794 nocturna
824 3733 940 3813 potatio*
955 3732 1148 3810 significetur,
1168 3735 1290 3812 deinde,
1310 3755 1398 3813 quum
1418 3746 1537 3794 nocuu-

393 3851 447 3889 nos
468 3849 531 3890 eam
553 3831 590 3890 ob
612 3853 742 3896 caussam
763 3837 922 3915 appositum
943 3835 996 3913 sit,
1018 3836 1085 3913 qnia
1102 3831 1211 3895 Lollius
1232 3837 1273 3896 itu
1290 3857 1322 3898 se
1336 3857 1471 3898 excusare
1485 3839 1535 3897 fin-

393 3935 485 4012 gitur,
514 3940 546 3992 ut
565 3945 649 3992 nocte
669 3936 740 4016 (non
756 3937 818 4016 dio)
838 3938 932 3997 vinum
951 3937 1006 3996 ribi
1029 3931 1150 3996 excitare
1172 3956 1295 4018 vapores
1315 3941 1410 4020 dicat,
1431 3948 1535 4000 nrum-

394 4053 449 4112 que
470 4041 501 4095 et
520 4037 695 4117 aptissimum
713 4046 744 4101 et
761 4059 879 4122 prorsus
900 4041 1091 4100 necessarium
1111 4041 1188 4100 est.“

863 4349 1068 4360 -—--—--—-
