3380 5324
368 487 432 554 320
473 483 685 578 0011113ΝΤ.
696 485 739 546 ΙΝ
752 483 848 546 HOR.
860 483 973 551 1611.
992 482 1117 545 EPIST.
1136 483 1247 546 SEXT.
1259 479 1396 546 annm.
1440 486 1508 550 160

269 685 272 694 ’
363 681 427 740 sn.
449 681 487 752 2,
512 679 549 753 1,
572 675 613 740 66
633 693 698 752 sqq.
730 671 855 732 6666.
875 675 912 732 ..ι
938 672 967 732 u.
988 672 1008 732 1.
1040 671 1179 735 6616
1204 671 1275 730 sur.
1295 671 1360 732 cn
1391 674 1452 748 10,
1471 673 1506 736 5.

362 779 490 841 Elmenb.
517 779 554 836 ad
583 777 690 836 16666.
717 777 755 836 ll.
782 797 813 856 p.
837 775 888 838 36.
925 773 1043 834 Herald.
1068 795 1099 854 p.
1130 775 1180 837 96.
1220 773 1322 834 Weita.
1350 775 1388 832 ad
1416 773 1504 834 Pnrd.

362 882 514 960 Payclrnm.
547 877 744 944 663--666.
778 897 808 955 p.
837 878 909 940 708.
950 875 1085 935 Valcken.
1117 877 1154 934 ad
1184 875 1284 954 Eurip.
1311 876 1399 954 ffipp.
1428 875 1503 938 966.

362 984 497 1046 Kuinael.
519 984 555 1041 66
577 965 686 1058 Erana.
700 979 803 1038 166116.
822 981 854 1055 7,
872 977 920 1040 16.
939 976 1013 1036 Luc.
1033 978 1083 1053 13,
1101 977 1154 1040 32.
1177 977 1241 1036 Act.
1260 977 1311 1053 23,
1326 976 1356 1038 3.
1378 978 1503 1054 interpp.

362 1090 400 1147 ad
420 1084 538 1148 Lucian.
558 1085 596 1144 de
618 1083 745 1144 blerced.
769 1082 854 1140 caud.
876 1081 928 1144 41.
953 1079 1002 1138 lll.
1028 1100 1058 1158 p.
1080 1077 1152 1141 264.
1186 1079 1249 1157 Rip.
1276 1077 1406 1138 Lactant.
1433 1078 1505 1141 lnat.

362 1191 395 1266 6,
420 1192 450 1266 6,
475 1187 598 1262 1312,
622 1188 671 1248 11.
704 1183 767 1248 coll.
790 1183 822 1260 6,
842 1186 874 1260 3,
898 1181 1210 1248 23611616666666
1233 1179 1315 1257 „Dan
1334 1180 1505 1240 Chrietlicbe

360 1293 391 1352 in
412 1291 527 1350 Platon
549 1310 578 1369 p·
597 1287 669 1352 306.
690 1287 729 1346 Ν.
757 1291 785 1350 1.
809 1287 838 1348 2.
859 1283 1035 1363 11666166
1056 1283 1128 1343 Tac.
1148 1284 1221 1340 Anu.
1244 1283 1295 1358 16,
1315 1283 1369 1358 32,
1391 1279 1460 1361 21)

445 1393 483 1456 V.
505 1390 547 1454 46
557 1391 661 1453 -61,
683 1387 750 1447 Ν66
759 1387 885 1466 surtran
894 1386 963 1466 feci
987 1419 1025 1430 -··
1048 1384 1161 1443 milam
1179 1385 1313 1442 bamam.
1339 1386 1503 1447 Sententia:

360 1497 487 1575 „Neque
507 1495 550 1550 vir
572 1493 663 1552 banus
684 1497 746 1565 eet,
768 1488 816 1567 qni
841 1507 994 1568 poenarum
1014 1493 1091 1548 metu
1112 1507 1129 1544 a
1148 1495 1270 1565 peccata
1288 1486 1431 1565 abstinet,
1450 1489 1503 1548 aed

360 1597 409 1675 qni
431 1611 483 1654 aua
502 1601 604 1672 sponte
629 1597 709 1651 recta
732 1591 831 1650 sacit.“
872 1591 934 1650 llac
958 1588 1173 1667 ἰ1166661ι6**)
1192 1591 1319 1668 exemplo
1341 1592 1432 1669 aervi,
1453 1591 1502 1669 qui

361 1697 456 1758 aervili
476 1714 554 1756 mure
575 1695 612 1752 ad
633 1695 725 1771 legem
746 1691 836 1752 bonna
857 1698 912 1770 cat,
934 1711 1096 1770 666666
1113 1711 1171 1750 666
1191 1692 1291 1750 melior
1311 1695 1505 1772 rapacissimis

360 1797 542 1872 animalibus,
563 1797 611 1875 qui
631 1796 814 1874 rapacitatem
833 1795 888 1852 nini
909 1801 984 1852 metu
1005 1795 1173 1852 incidiarum
1193 1813 1251 1853 nnn
1274 1807 1387 1858 exuunt.
1415 1797 1502 1858 Cani.

361 1903 468 1965 Acron.
486 1902 523 1960 66
544 1900 608 1957 Sat.
631 1901 668 1973 2,
687 1899 724 1974 7,
747 1900 798 1962 22.
815 1927 858 1940 -
885 1896 918 1954 V.
935 1894 987 1959 46.
1011 1897 1040 1952 ai
1059 1895 1135 1954 midi
1154 1895 1300 1953 dicat-
1320 1900 1380 1971 aja.
1398 1896 1504 1956 61666-

360 2023 424 2064 rum
445 2003 536 2079 ratic,
557 2001 648 2079 666116
670 1999 731 2059 Sat.
752 2002 790 2075 2,
814 2001 849 2074 1,
872 1999 925 2061 20.
956 1999 984 2056 ei
997 1999 1144 2076 palpare,
1163 1997 1333 2056 recalcitrat
1351 1996 1413 2072 (ubi
1429 1999 1503 2059 nate

360 2105 523 2182 Bentlejua:
544 2099 722 2179 recalcitret)
740 2100 801 2162 Cic.
817 2100 854 2158 de
870 2101 924 2158 Or.
939 2101 971 2178 3,
989 2102 1040 2176 23,
1061 2103 1112 2164 88.
1134 2101 1197 2160 Sed
1209 2105 1239 2160 ai
1257 2133 1298 2146 -
1321 2100 1394 2158 aeliu
1414 2101 1505 2160 atiud

267 2263 270 2270 ,
360 2228 468 2288 agere,
497 2207 564 2283 ipra
592 2201 730 2259 66616116
751 2219 786 2258 ex
806 2221 838 2258 66
854 2203 969 2280 gignit.
996 2201 1127 2262 Laetant.
1148 2203 1224 2263 luat.
1245 2206 1282 2280 6,
1307 2204 1366 2280 13,
1389 2206 1421 2268 2.
1467 2203 1503 2262 Si

358 2329 461 2388 pecces
481 2341 524 2354 ·—-
544 2325 604 2364 non
621 2303 785 2364 abolentur.
804 2304 875 2364 Vide
897 2307 933 2364 de
952 2305 1055 2365 talibus
1075 2312 1174 2364 annot.
1196 2306 1232 2364 ad
1254 2307 1284 2381 2,
1298 2304 1350 2368 34.
1369 2325 1401 2384 p·
1417 2308 1501 2383 162,

360 2411 484 2471 Ellendt.
507 2408 543 2466 dc
561 2407 675 2486 jarmia
700 2408 926 2464 enuntiatorum
947 2408 1104 2468 condition.
1129 2427 1159 2486 p.
1179 2407 1222 2470 49
1242 2425 1287 2484 aq.
1310 2414 1341 2468 et
1364 2407 1503 2468 Schmidt

360 2514 398 2572 ad
417 2512 479 2572 Jnv.
499 2514 531 2587 7,
550 2511 601 2574 40.
623 2531 654 2589 p.
680 2511 748 2572 173.
769 2509 802 2568 16
823 2507 1217 2572 66166661.1.661661.1661.
1239 2509 1270 2586 6,
1293 2511 1342 2581 13,
1365 2507 1416 2572 14.
1436 2531 1501 2568 666-

361 2635 467 2675 66166
491 2613 688 2690 nequissimae
713 2609 860 2681 habetur,
891 2613 945 2689 qni
968 2609 1122 2668 dominam
1148 2631 1236 2670 anum
1258 2612 1342 2692 suga
1369 2613 1500 2688 decerit,-

360 2722 445 2798 r'aque
473 2712 642 2774 verberibna
666 2712 847 2773 eradicatio
875 2722 904 2770 et
928 2711 1082 2791 arguatula
1108 2723 1137 2770 et
1162 2732 1251 2772 cruce
1270 2724 1299 2771 et
1317 2717 1399 2773 arani
1418 2715 1502 2774 mata

359 2821 556 2902 digaiaaimrre
567 2814 736 2890 judicaria.
757 2849 800 2860 -
820 2814 853 2872 V.
874 2810 926 2877 41.
947 2815 1018 2872 laria
1039 2835 1100 2874 rann
1120 2817 1225 2878 araris.
1247 2813 1502 2897 16666661,

359 2924 483 2986 Iberieir
498 2930 618 3001 perunte
633 2916 766 2998 sumbus
791 2917 881 2978 16166.
917 2917 1003 2978 Lucia
1025 2937 1043 2976 a
1064 2917 1300 2976 Mitaclrcvb'clrr'o
1320 2918 1358 2978 ibi
1379 2919 1500 2980 laudatia

359 3029 434 3090 6666
451 3025 567 3088 Lucret.
589 3024 629 3101 3,
652 3023 744 3086 1033.
766 3018 888 3078 61116661
907 3021 1044 3078 stimulor
1061 3031 1209 3101 torretque
1217 3019 1367 3099 flagellia.
1395 3021 1500 3092 Laris,

359 3133 427 3194 16.
456 3127 575 3205 flagellie
600 3125 676 3184 servi
702 3143 823 3202 nequam
855 3122 955 3202 (liberi
982 3125 1105 3183 16611666
1133 3131 1163 3185 et
1189 3123 1299 3202 virgin)
1324 3142 1386 3184 nan
1407 3123 1501 3184 aolura

359 3229 568 3305 caedebantur,
597 3227 650 3286 666
679 3233 708 3286 et
734 3225 806 3284 larci
836 3226 1029 3287 vinciebantur
1051 3231 1082 3284 et
1102 3227 1223 3284 vinetia
1243 3224 1387 3284 conaervia
1409 3233 1459 3285 aut
1483 3245 1501 3284 a

358 3331 467 3392 libertis
494 3327 725 3388 verberabantur.
767 3328 813 3388 Dc
840 3329 1001 3388 discrimine
1026 3346 1136 3407 paenae
1159 3327 1204 3386 vel
1229 3328 1350 3385 6666616
1371 3327 1418 3388 rel
1431 3329 1501 3405 slu-

356 3429 448 3512 galtie
468 3430 609 3492 exercitae
629 3430 685 3488 vid.
707 3429 846 3490 eruditam
867 3431 1092 3490 observationem
1121 3431 1265 3494 76666111
1284 3431 1320 3488 ad
1337 3430 1500 3506 36163,

360 3533 431 3598 119.
456 3531 518 3595 6611.
540 3532 641 3592 116166.
662 3532 700 3593 66
722 3533 783 3592 Sat.
806 3535 842 3610 1,
865 3535 901 3610 2,
920 3531 971 3597 41.
1002 3533 1128 3594 Scbmid.
1147 3532 1299 3611 ad,Epiat.
1325 3535 1361 3605 2,
1387 3536 1422 3610 2,
1450 3531 1498 3596 16.

443 3787 472 3862 1)
494 3791 597 3856 Quodsi
614 3793 725 3847 Orelliua
740 3811 766 3846 v.
780 3801 884 3864 turpem
903 3793 1053 3864 descriptae
1074 3793 1150 3849 ridet
1168 3803 1262 3866 turpes
1284 3795 1338 3861 „ab
1359 3796 1447 3864 gulam
1467 3811 1501 3848 66

357 3877 484 3933 libidines
499 3879 645 3946 arcanaa‚“
659 3878 731 3932 6666
745 3878 800 3933 acia
816 3897 848 3932 an
863 3878 956 3932 melius
969 3881 997 3932 id
1013 3896 1096 3949 genua
1112 3881 1241 3934 hominurn
1255 3879 1440 3949 intelligatur,
1455 3877 1501 3951 qui

358 3978 545 4036 quanicumque
558 3979 697 4032 perennant
712 3963 799 4018 aalant
813 3981 876 4033 erga
891 3965 1043 4034 superiores
1057 3965 1164 4020 66161661
1178 3984 1209 4019 66
1223 3963 1334 4019 terrilae
1349 3975 1421 4032 6661,
1434 3981 1501 4035 erga

356 4051 499 4104 interiores
516 4066 604 4103 66666
623 4057 703 4118 61666
722 4049 857 4118 affabiles,
880 4050 1011 4105 advereua
1033 4069 1111 4121 parea
1132 4051 1259 4106 invidiosi
1282 4059 1362 4120 61666
1384 4053 1500 4104 6666666

356 4136 479 4205 maligni,
498 4135 627 4190 adveraua
642 4152 703 4189 auor
718 4139 816 4198 morari
832 4153 864 4188 ac
877 4135 948 4191 duri.
970 4137 1012 4190 De
1026 4153 1075 4190 uau
1089 4154 1116 4192 v.
1131 4137 1309 4192 6616166661.
1324 4136 1449 4191 0.]666.
1465 4136 1501 4190 66

356 4223 434 4276 Pera.
449 4217 475 4290 4,
489 4215 533 4276 46.
558 4221 659 4274 Nostra
674 4235 778 4292 quaque
792 4221 916 4274 memoria
929 4221 995 4274 talia
1007 4222 1074 4276 vitia
1089 4222 1181 4292 vigere
1195 4223 1268 4291 (Sat.
1282 4228 1308 4290 1,
1322 4217 1347 4292 4,
1362 4219 1500 4290 81-86),

358 4305 416 4378 6616
432 4315 490 4376 661,
506 4307 552 4377 661
567 4306 731 4376 experientia
746 4323 797 4360 nnn
812 4309 849 4360 611
864 4305 997 4364 educturi

429 4389 472 4461 “)
493 4392 565 4463 Qui,
580 4391 620 4444 611
633 4391 821 4460 1161666666,
842 4391 909 4445 6666
930 4391 1108 4461 exemplorum
1124 4393 1232 4446 turmam
1246 4393 1281 4446 ab
1296 4388 1407 4445 Horatio
1421 4405 1501 4442 naur-

357 4481 447 4544 patam
461 4477 564 4545 credit,
586 4495 620 4532 nc
634 4477 759 4542 Quintiae
779 4477 831 4546 iia,
856 4494 924 4548 quaa
943 4477 977 4532 ad
996 4477 1081 4548 iprum
1102 4478 1283 4549 pertinerent,
1307 4476 1501 4544 attenderetur,

357 4575 419 4614 aura
428 4562 509 4632 plana
521 4561 592 4632 tagit
605 4563 810 4618 Horatlanarnm
824 4563 995 4633 epiatularunr
1008 4561 1089 4616 ratic.
