3490 5324
244 537 305 600 rra
347 499 559 596 comer.
576 532 724 596 maon.
740 531 851 596 arun.
874 531 996 594 arar.
1011 529 1288 594 unuamcasue
1323 526 1388 592 aaa

244 705 306 764 Sar.
329 706 357 777 1,
378 705 411 779 9,
432 705 461 768 2.
479 702 533 784 (11).
554 703 673 782 Heind.)
701 703 812 762 Nereia
830 701 907 782 quid
923 701 1071 762 meditans
1093 721 1254 780 megistum.
1284 698 1388 760 Catuli.

244 807 275 879 1,
294 803 326 866 4.
347 815 381 864 tn
402 803 517 864 ebbae
541 807 632 864 Meae
654 823 714 864 osae
735 805 856 884 alrbrdd
872 813 983 881 pitture
999 823 1107 884 nugas.
1129 803 1214 862 llari.
1235 805 1267 876 6,
1286 799 1337 878 64,
1358 805 1387 864 7.

244 903 300 964 ubi
311 908 459 984 pumilae
471 906 577 986 felices
592 925 711 984 carpere
731 925 840 986 uagos.
878 905 1045 984 Hieronym.
1061 905 1154 985 Epist.
1175 905 1212 964 ad
1228 903 1386 964 Pammaeb.

219 1008 294 1072 ’58
316 1007 354 1068 11.
380 1029 410 1089 p.
431 1009 482 1073 81.
507 1007 547 1070 D.
577 1007 651 1066 Nun
678 1029 746 1068 eum
771 1003 873 1067 taum
894 1007 1073 1086 sanium,
1100 1017 1232 1088 quantur
1252 1005 1389 1084 plerique

242 1111 335 1183 busur
351 1112 489 1189 umponb
503 1120 676 1168 boantum
682 1153 695 1181 ,
709 1121 744 1168 at
758 1131 858 1190 megae
872 1129 953 1168 meae
960 1151 973 1182 ,
988 1110 1109 1190 quando
1120 1107 1275 1184 voluerim,
1289 1125 1387 1164 meen-

242 1212 314 1270 ‹lure
329 1215 454 1290 porum.
489 1213 597 1272 Simila
617 1211 780 1292 suppeditat
798 1213 947 1272 motatio
974 1213 1012 1270 ad
1035 1214 1067 1288 1,
1095 1213 1144 1276 10.
1170 1209 1234 1270 roll.
1263 1211 1328 1270 Art.
1349 1209 1385 1267 ad

241 1312 358 1372 vesun.
376 1315 462 1393 Spar.
483 1316 555 1388 1,1.
576 1335 604 1393 p·
624 1313 663 1376 31
680 1333 745 1392 sqq.
764 1313 881 1391 Forbig.
904 1315 942 1372 ad
963 1312 1230 1392 virg.Ecl.1‚10.
1248 1313 1286 1371 0.
1303 1313 1387 1372 labo.

241 1415 279 1472 ad
298 1414 379 1474 Pers.
401 1418 431 1492 1,
451 1416 520 1492 bb,
550 1416 652 1494 quibus
678 1416 753 1476 adde
773 1413 857 1476 Mart.
882 1418 913 1492 2,
933 1415 984 1484 86,
1006 1411 1037 1476 9.
1064 1416 1096 1491 8,
1117 1415 1151 1490 8,
1175 1416 1226 1477 11.
1247 1413 1280 1490 9,
1303 1418 1333 1489 1,
1354 1414 1387 1476 b.

243 1518 295 1594 10,
319 1521 370 1593 17,
391 1517 421 1582 4.
445 1519 495 1592 13,
516 1519 546 1595 2,
567 1513 598 1582 4.
624 1519 676 1595 14,
699 1518 772 1594 183,
793 1521 822 1584 2.
843 1523 873 1577 et
894 1517 967 1592 188,
988 1518 1018 1580 2.

323 1620 360 1678 V.
388 1619 438 1683 43.
475 1620 592 1691 Rima,
619 1622 684 1692 ait,
708 1631 737 1678 et
755 1626 810 1680 etc.
840 1619 937 1678 Rider
955 1637 1013 1678 aon
1040 1619 1080 1676 uti
1097 1614 1247 1674 lambino
1268 1621 1385 1676 auetore

240 1720 332 1780 multi:
356 1721 602 1796 „dissimulatione
623 1721 746 1798 uteris,“
767 1722 819 1780 sed
839 1719 1014 1798 „ludifiearia
1034 1719 1124 1799 aoe,“
1144 1723 1300 1780 nostrates:
1322 1717 1384 1794 „du

240 1823 397 1900 spottest,“
419 1824 458 1882 uti
474 1821 555 1882 Pers.
578 1827 606 1898 1,
627 1820 679 1887 40.
699 1823 809 1900 aare,
829 1827 888 1896 ait,
912 1833 940 1880 et
961 1823 1050 1880 romb
1070 1822 1157 1878 uncie
1178 1819 1316 1878 Naribus
1335 1821 1385 1878 in-

240 1923 356 2003 dulgeo.
387 1923 509 1984 Verbum
530 1925 575 1982 ait
596 1926 632 1986 de
653 1943 709 1987 uuo
732 1923 845 2003 aliquo,
871 1943 955 2002 quem
980 1923 1177 2002 obloquentem
1197 1922 1279 1983 aubis
1301 1923 1385 2000 fingi·

239 2047 311 2087 runs.
351 2025 470 2084 Veteres
489 2026 660 2106 interpretes
682 2026 742 2086 lere
769 2027 938 2104 „invidum“
962 2027 1079 2103 intelligi
1095 2025 1213 2104 jubent,
1241 2026 1295 2085 sed
1320 2025 1384 2084 vide

239 2147 312 2204 quae
333 2135 401 2206 post
420 2126 591 2200 Bentlejam
612 2137 642 2190 et
660 2127 819 2207 Hebrdorfi
839 2129 877 2188 ad
898 2129 960 2193 Sat.
977 2133 1006 2206 1,
1021 2126 1052 2206 4,
1071 2130 1122 2192 79.
1143 2129 1180 2186 de
1202 2127 1255 2186 bae
1271 2125 1383 2187 dicendi

240 2229 443 2289 consuetudine
466 2230 618 2290 observent
635 2230 807 2290 Sohmr'eliua
824 2230 861 2288 ad
878 2229 906 2292 b.
921 2229 940 2291 l.
968 2229 1112 2288 Schmidt.
1133 2231 1170 2288 ad
1184 2230 1248 2290 Juv.
1263 2233 1294 2306 7,
1310 2227 1381 2295 242.

238 2350 267 2409 p-
289 2331 361 2396 213.
401 2331 437 2390 O.
458 2332 551 2392 Jahn.
575 2333 612 2394 ad
632 2333 713 2393 Pera.
739 2353 769 2412 p.
792 2331 844 2395 88.
872 2327 1077 2390 Hildebraud·
1106 2333 1143 2390 td
1168 2330 1276 2392 Arnub·
1301 2335 1331 2410 1,
1353 2331 1383 2398 9.

237 2452 268 2512 p.
293 2431 343 2496 19.
369 2431 434 2492 coll.
456 2430 573 2494 Haoeio
591 2433 629 2494 ad
651 2435 763 2512 Reisig.
785 2431 1021 2512 ,‚Vorlesuugg.“
1046 2435 1072 2510 §·
1094 2435 1166 2496 197.
1191 2434 1231 2496 Ν.
1249 2431 1322 2500 344.
1342 2469 1381 2480 -

238 2535 323 2594 Iovia
350 2534 476 2594 omibus
503 2539 562 2598 ista
591 2538 720 2609 Servat,
745 2537 788 2596 uti
808 2534 895 2594 Mart
915 2537 945 2608 2,
966 2535 1018 2612 86,
1040 2536 1078 2597 11
1097 2554 1142 2613 eq.
1172 2535 1294 2596 Scribat
1313 2555 1383 2598 cttrb

238 2639 322 2696 mim
343 2637 464 2696 cri-calis
483 2639 668 2698 Palemon.-
700 2639 755 2696 Me
771 2639 851 2696 mrir
861 2640 957 2712 juvat
970 2635 1097 2695 crnibus
1110 2635 1241 2715 plaeere.
1272 2639 1383 2708 Quodsi

237 2737 304 2798 illud
323 2739 453 2799 Bothirra
476 2741 637 2816 „invidiose
658 2740 784 2800 dictum“
800 2739 884 2813 dicit,
904 2757 962 2798 aun
984 2739 1187 2818 disputabimus
1208 2747 1322 2814 comta,
1343 2743 1383 2800 si·

237 2841 348 2917 quidem
374 2841 411 2900 de
435 2841 577 2902 bominum
597 2843 707 2902 illorum
734 2841 874 2900 sententia
899 2841 1017 2900 Poetam
1042 2841 1123 2918 quasi
1149 2842 1382 2920 tergiversantem

238 2946 268 2999 et
289 2961 341 3000 sua
370 2942 423 3002 soli
451 2943 581 3022 Augusto
605 2950 764 3004 servantem
791 2941 894 3012 seusit3
927 2941 1030 3002 etenim
1056 2939 1136 3000 lovis
1160 2943 1313 3021 appellatio
1340 2945 1382 3006 uti

236 3043 354 3102 maxime
374 3041 546 3122 honorifica,
567 3044 607 3104 ita
627 3063 645 3104 a
663 3043 711 3104 vili
730 3041 894 3104 adulatione
909 3042 1017 3116 aliena3
1046 3043 1082 3103 ab
1103 3043 1285 3104 orientalibus
1307 3049 1382 3106 enim

237 3144 350 3222 regibus
368 3146 428 3221 jam
448 3147 486 3204 ad
505 3147 648 3226 principes
665 3147 873 3224 oeddeutales,
897 3149 997 3227 utpote
1021 3145 1092 3202 deos
1112 3163 1146 3204 ao
1166 3152 1299 3224 laurentes
1319 3146 1382 3206 lor*

236 3253 335 3320 urnae,
364 3248 503 3307 translata
522 3259 599 3322 erat3
625 3249 751 3310 similiter
775 3249 835 3310 snt
858 3252 888 3327 2,
909 3252 939 3325 6,
961 3249 1012 3312 82.
1049 3247 1131 3305 Deua
1151 3248 1294 3326 quendem
1309 3267 1382 3328 pru-

230 3350 304 3426 pias
322 3349 455 3428 attiugrb.
490 3349 576 3430 Prop.
599 3351 632 3429 3,
652 3351 683 3429 3,
705 3353 735 3414 1.
766 3351 961 3410 Armoricae
992 3349 1102 3410 Caesar
1124 3345 1199 3408 diter
1220 3351 1382 3412 meditatur

234 3451 279 3510 od
297 3446 401 3512 Indos.
434 3453 520 3518 Ovid.
541 3451 632 3514 Trist
654 3457 684 3534 1,
707 3455 736 3531 1,
758 3457 809 3517 81.
841 3455 1049 3534 Μοᾳιιοᾳιιι,
1068 3471 1146 3532 quae
1163 3453 1263 3525 ensi,
1280 3456 1382 3534 fateor

234 3555 319 3614 Iovia
335 3574 423 3612 arma
442 3556 552 3618 timae.
594 3555 741 3614 Ferendus
768 3555 854 3632 igitur
873 3553 1062 3614 Wsirlrertus
1082 3552 1129 3634 (p.
1152 3556 1237 3634 103.)
1256 3556 1302 3617 bie
1322 3577 1384 3618 aon

235 3658 359 3728 videtur,
379 3675 465 3734 quum
482 3656 631 3716 Horatium
649 3657 685 3714 ad
705 3657 843 3736 ejusmodi
864 3657 1052 3717 adulationem
1072 3675 1130 3716 aon
1157 3677 1189 3716 se
1215 3657 1307 3736 ipsum
1326 3658 1380 3718 ab·

231 3759 352 3837 jecisse,
373 3760 425 3818 sed
446 3775 507 3819 eam
528 3758 574 3816 alii
591 3758 697 3836 pariter
718 3763 802 3836 atque
822 3751 872 3816 illo
893 3759 1052 3818 Satirarum
1068 3757 1133 3818 loeo
1153 3759 1315 3819 attribuisse
1336 3760 1380 3818 di-

235 3859 281 3918 oit
318 3859 387 3920 Nou
409 3859 472 3919 aliis
493 3877 606 3939 quoque
628 3859 698 3920 locis
716 3857 780 3939 ipse
799 3857 867 3918 talia
887 3857 1052 3940 eloquitur?
1086 3861 1158 3932 Quis
1181 3868 1226 3921 est
1248 3867 1304 3921 tam
1325 3859 1379 3921 be·
1468 3939 1473 3950 .

235 4061 285 4118 dos
299 4063 401 4120 laudum
420 4067 577 4122 aeeumubri
597 4068 727 4137 gandent,
749 4067 794 4138 qul
814 4065 930 4124 armins
950 4083 999 4124 sua
1010 4066 1103 4138 beuta
1119 4065 1223 4122 laudari
1239 4066 1378 4138 θηρίων(

235 4149 346 4204 Raetias
358 4158 445 4206 nmen
456 4152 662 4225 Drilrnbnrrgero
683 4154 793 4224 (Progr.
808 4153 931 4224 Aqulscr.
946 4149 1023 4210 1841.
1037 4169 1066 4224 p.
1081 4153 1137 4220 19.)
1160 4151 1199 4208 niu
1211 4153 1379 4208 mibaudam

236 4234 359 4290 videtarr
379 4235 438 4304 „illi
449 4239 528 4306 nugis
539 4238 595 4292 suis
605 4240 707 4309 pondus
717 4239 795 4294 laude
806 4239 971 4294 aooumulsra
980 4237 1112 4309 rudent,
1125 4237 1171 4307 qui
1181 4238 1297 4296 unnim
1304 4239 1377 4292 etu.“
1497 4265 1500 4270 ·

235 4321 385 4392 Porphyr.r
399 4337 468 4392 „pro
482 4339 512 4377 re
521 4339 617 4392 magua
625 4333 728 4380 um
739 4327 844 4396 aaa&
856 4324 1044 4397 pronuutimr
1057 4323 1186 4380 Maur
1197 4322 1260 4390 alil,
1272 4322 1319 4393 qni
1330 4337 1380 4378 n·

235 4423 284 4476 gns
296 4409 402 4477 peiores
415 4407 506 4462 lacem
520 4409 657 4463 redundo
672 4411 788 4466 autent.“
814 4411 902 4466 Aliter
911 4409 984 4481 apud
1002 4407 1154 4464 llaobedm.
1183 4407 1224 4463 a·
1241 4415 1378 4479 poetaram

235 4505 290 4632 ἷιίιιὴ
300 4489 511 4648 awai.
526 4492 692 4550 wenstan.
709 4495 743 4552 ad
760 4496 838 4552 rost.
861 4496 910 4552 lat.
927 4495 990 4552 min·
1012 4493 1061 4552 1v.
1075 4510 1103 4565 p·
1116 4488 1178 4554 247.
1193 4499 1225 4550 nt
1240 4494 1323 4555 M.
1343 4493 1380 4552 ad

292 4617 300 4631 .
374 4613 384 4646 ,
437 4613 445 4632 .
