3458 5318
591 1797 1163 1916 comfflNu'Altll

856 2045 899 2100 IN

403 2229 674 2302 nondun
724 2227 1090 2302 urlsnonarr
1128 2227 1358 2302 ΝΟΝΑΜ.

779 2403 898 2486 LIB-
939 2405 979 2484 1.

799 2639 962 2650 ——nu—

301 2826 344 2917 111
365 2853 418 2914 lsao
432 2851 580 2931 Epistola,
605 2869 677 2928 quse
693 2852 722 2911 in
743 2853 882 2913 commoni
894 2855 976 2932 quasi
1002 2854 1061 2913 sita
1082 2860 1228 2929 versamr,
1255 2846 1390 2910 Horatius
1404 2843 1459 2906 Ti-

299 2960 380 3022 berio
395 2954 515 3016 Claudio
533 2953 645 3014 Neroni
656 2954 824 3034 Septimium
844 2961 925 3016 tanta
939 2957 1117 3016 commendat
1139 2953 1311 3014 humanitate
1324 2955 1459 3028 mutaque

301 3061 480 3134 urbanitate,
502 3061 609 3136 quanta
627 3062 726 3134 potest
746 3078 811 3118 esse
832 3061 971 3138 maxima,
991 3063 1023 3118 ut
1052 3056 1220 3126 Gesnerus,
1248 3053 1458 3124 Minodum,

301 3164 488 3241 Dosrings'us
507 3158 581 3218 hanc
600 3157 759 3237 Epistulam
780 3167 859 3218 reete
876 3161 998 3221 dixerint
1014 3157 1183 3238 perficium
1197 3155 1460 3214 commodationis

302 3259 479 3341 exemplum.
508 3260 594 3329 Quod
615 3277 700 3336 quam
721 3261 760 3319 sit
773 3279 888 3336 verum,
911 3262 937 3320 si
950 3262 1020 3322 alias
1035 3257 1188 3321 contuleris
1203 3257 1300 3318 literas
1314 3275 1459 3317 commen·

302 3364 421 3426 dalieias
441 3366 474 3421 ut
488 3357 637 3417 Ciceronis
650 3360 688 3417 ad
701 3359 769 3420 Dis.
786 3361 838 3436 18,
853 3363 988 3428 11-72.
1011 3367 1040 3421 et
1054 3361 1136 3420 Plinii
1158 3361 1190 3436 2,
1206 3356 1236 3419 9.
1253 3360 1303 3423 18.
1326 3360 1359 3437 3,
1374 3363 1405 3426 2.
1427 3358 1459 3435 4,

305 3467 355 3534 15·
380 3468 412 3541 6,
436 3463 466 3526 6.
481 3461 511 3524 8.
526 3459 556 3522 9.
578 3464 611 3537 7,
627 3462 677 3528 22.
695 3462 748 3524 81.
769 3459 801 3538 9,
818 3464 869 3527 21.
900 3463 959 3540 10,
974 3465 1005 3527 3.
1021 3464 1069 3526 11.
1087 3461 1158 3538 19.,
1186 3461 1270 3520 facile
1286 3462 1461 3541 intelligitur.

302 3563 469 3628 Verecunda
483 3565 558 3623 enim
570 3563 644 3643 petit
659 3563 751 3623 Poeta
765 3581 783 3622 a
800 3559 937 3640 Tiberio,
958 3570 991 3625 ut
1004 3565 1146 3623 hominem
1160 3563 1274 3642 sortem
1292 3563 1461 3646 bonamque

300 3676 389 3748 atque
410 3664 447 3724 ob
467 3684 530 3725 eam
542 3685 604 3726 rem
617 3665 815 3726 benevolentia
832 3665 921 3746 ipsius
944 3687 1001 3750 non
1020 3666 1169 3744 indignum
1188 3665 1218 3726 in
1240 3687 1320 3726 suam
1341 3667 1461 3747 recipiat

301 3769 518 3836 semirutum
538 3769 701 3847 urbaneque
723 3769 821 3845 addit,
846 3769 989 3847 quomodo
1013 3768 1115 3848 petitio
1144 3767 1263 3826 hominis
1290 3769 1459 3838 amicissimi,

302 3878 437 3956 quantum
458 3872 534 3950 apud
555 3876 706 3950 patronum
725 3871 788 3950 ipse
806 3869 914 3930 valeret
936 3889 994 3928 non
1009 3871 1184 3951 ignorantis,
1213 3873 1286 3933 hanc
1306 3873 1368 3950 ejus
1382 3887 1460 3929 eom·

301 3971 454 4038 mandandi
469 3972 522 4032 sibi
535 3973 702 4052 imposuerit
714 3973 921 4032 necessitatem
952 3971 1052 4050 ltaque
1077 3993 1113 4033 ne
1132 3976 1223 4035 amico
1238 3973 1390 4035 admodum
1407 3989 1460 4050 pe-

301 4077 375 4140 tenti
388 4081 418 4135 et
430 4093 546 4154 precum
560 4075 588 4132 ri
605 4077 687 4152 quasi
707 4075 821 4152 cogenti
838 4075 973 4150 deesset,
994 4094 1026 4133 se
1039 4075 1173 4136 maluisse
1188 4078 1229 4136 ait
1242 4092 1355 4135 omnem
1367 4075 1461 4152 pudo·

301 4197 362 4241 rem
392 4176 469 4256 apud
495 4175 641 4236 Neronem
668 4176 834 4255 deposuisse
861 4176 967 4253 videri,
1000 4195 1084 4254 quam
1110 4179 1146 4239 ab
1167 4179 1258 4238 amico
1287 4180 1316 4234 et
1338 4173 1460 4254 neglecti

303 4281 390 4342 offleii
410 4285 439 4340 et
455 4275 671 4336 irenevolentiae
687 4295 756 4354 erga
777 4295 841 4336 eum
865 4295 924 4336 non
943 4275 1056 4338 habitae
1077 4283 1167 4360 argui.

391 4379 569 4458 Ssptsirsirsm
592 4379 712 4436 eundem
731 4395 814 4454 esse,
838 4377 883 4436 eui
906 4377 1041 4438 Horatius
1061 4380 1240 4460 inscripserit
1258 4395 1372 4440 carmen
1391 4374 1461 4434 illud

304 4481 377 4564 (od.
392 4481 424 4556 2,
445 4479 505 4558 6.):
537 4479 677 4557 Septimi,
714 4475 817 4536 Gades
841 4478 961 4538 adriam
987 4500 1123 4554 nusum,
1151 4501 1209 4540 uno
1235 4499 1285 4541 ore
1317 4477 1462 4539 affirmant

304 4585 398 4662 Acro,
426 4579 582 4657 Porphyrio
604 4587 634 4641 et
653 4577 829 4641 scholiastes
851 4583 985 4662 Cruquii,
1012 4591 1188 4663 quapropter
1210 4585 1229 4642 ii
1249 4581 1387 4660 viderint,
1413 4581 1460 4660 qni
