3430 5324
227 496 286 562 169
317 489 601 554 comuntur!
614 489 656 551 ΙΝ
671 487 958 552 somnust.
974 485 1098 550 nent.
1109 485 1287 550 DUODEC.
1314 483 1380 548 159

222 688 275 742 eut
295 679 443 741 sincilihns.
473 677 564 738 Miror
584 693 715 755 quoqne,
752 675 912 748 0161111116,
941 678 989 756 qni
1009 675 1096 754 penio
1116 681 1185 735 unte
1203 681 1283 735 reete
1303 675 1379 738 indi·

222 785 299 844 env'rt
312 782 463 841 verborum
481 787 661 856 sturnorum,
682 779 729 838 hie
742 782 864 842 nonme:
887 799 990 859 „gem
1006 785 1080 837 mm.
1097 777 1381 857 perronensem

221 904 317 963 genn
336 883 501 958 collocutus,
522 883 560 940 ed
582 899 676 957 genua
697 883 758 960 ejus
780 881 954 942 admissus.“

310 987 344 1046 V.
365 988 416 1050 27.
436 985 487 1046 28.
510 1001 605 1040 anm
618 984 781 1063 fruges-
794 985 933 1064 defundit
955 981 1049 1059 Copia
1066 999 1173 1051 cumn,
1192 982 1212 1040 i.
1232 1001 1258 1042 e.
1274 985 1380 1062 χρυσῆ,

223 1091 327 1164 sota,
355 1087 476 1162 mergas
497 1065 537 1143 ei
558 1083 617 1142 nto
638 1087 668 1144 n
688 1093 794 1145 tesam
815 1087 896 1164 quas
919 1084 1047 1144 nonest.
1083 1083 1245 1161 sumpturus
1272 1084 1330 1142 ou.
1349 1082 1381 1160 r,

227 1193 279 1271 15,
300 1187 331 1250 4.
355 1189 398 1266 6.,
420 1186 472 1246 sed
493 1185 593 1244 endem
614 1187 736 1265 imagine
758 1187 815 1246 Od.
836 1191 866 1264 1,
887 1188 938 1261 17,
961 1187 1010 1248 16
1031 1185 1065 1243 C.
1084 1185 1116 1246 S.
1139 1185 1188 1246 69.
1211 1187 1263 1248 60.
1296 1186 1381 1243 Simi-

224 1296 290 1355 liter
310 1293 471 1352 nbertttem
491 1289 604 1364 frugum
623 1287 681 1347 lete
703 1289 852 1364 diffusam,
872 1287 921 1346 ubi
941 1287 1070 1346 Bacchus
1089 1287 1226 1361 arriserit,
1247 1287 1382 1348 describit

225 1395 348 1474 Dionys.
361 1393 472 1467 Perieg.
488 1386 560 1450 949.
582 1384 742 1453 Μειδιόων
762 1388 814 1451 sul
833 1384 946 1452 πολλδν
963 1382 1007 1450 ἐπ’
1023 1382 1172 1468 deiciunt
1186 1384 1277 1466 ὄλβον
1292 1386 1380 1467 ἔχευε.

227 1499 347 1558 Genium
360 1493 482 1570 Augusti
497 1509 560 1548 cum
575 1493 677 1568 copiae
690 1513 783 1550 coron
798 1491 884 1550 hehet
901 1489 1028 1548 Visconii
1042 1489 1143 1567 Museo
1158 1488 1210 1547 Pio
1219 1489 1382 1550 -Clement

226 1600 257 1662 3.
276 1597 337 1660 tnb.
353 1599 382 1660 2.
402 1601 432 1654 61
452 1611 581 1651 nummus
596 1613 643 1673 up.
663 1596 797 1654 Veillnnt.
815 1594 861 1652 Pr.
881 1615 911 1672 p.
926 1591 956 1656 8.
974 1591 1009 1650 ll.
1024 1611 1052 1668 p.
1069 1593 1120 1654 27.
1140 1590 1185 1650 De
1203 1593 1283 1660 vetio
1300 1591 1382 1670 hujus

226 1701 316 1778 mythi
334 1717 389 1756 usu
409 1695 468 1754 rid.
487 1694 644 1754 Mitscherl.
664 1703 695 1754 et
712 1697 800 1756 Orell.
823 1695 860 1752 ed
881 1693 1054 1752 Horatianos
1075 1692 1173 1768 locos,
1195 1693 1325 1754 Wernsd.
1347 1695 1383 1752 ud

227 1801 365 1880 Calpurn.
388 1796 450 1858 Bel.
472 1795 530 1870 10,
551 1795 601 1856 36.
628 1795 665 1854 ll.
691 1817 720 1875 p.
743 1797 805 1861 369
822 1815 886 1873 sqq.
909 1795 997 1854 Bech.
1019 1795 1056 1853 nd
1078 1794 1164 1853 ovid.
1184 1794 1255 1855 Met.
1277 1799 1310 1873 9,
1332 1799 1382 1859 87.

227 1903 292 1962 coll.
310 1899 413 1959 Klnus.
435 1899 471 1956 de
493 1897 586 1955 Cnrm.
608 1897 659 1956 Fr.
681 1897 748 1956 ΔΝ.
769 1919 799 1976 p.
817 1897 868 1959 63.
889 1897 926 1955 Ν.
947 1897 1018 1961 133.
1040 1896 1136 1954 Soleo.
1154 1898 1192 1954 nd
1207 1896 1327 1957 Luciun.
1346 1899 1383 1956 dc

227 2004 353 2064 Merced.
376 2000 506 2058 conduct.
534 2019 563 2076 p.
588 1999 729 2063 532111.
757 1997 820 2076 Bip.
843 1999 954 2057 Similes
978 1997 1098 2056 eliorum
1123 1997 1202 2056 locos
1223 2000 1385 2076 suppeditat

227 2107 362 2164 Sitemen.
383 2101 422 2159 nd
440 2098 579 2178 Boeth.*)
598 2102 635 2158 de
654 2101 771 2159 Consul.
792 2101 859 2179 phil.
880 2101 976 2159 earm.
999 2102 1030 2177 2,
1053 2103 1083 2175 2,
1106 2099 1135 2162 6.
1157 2103 1187 2162 6.
1208 2101 1265 2169 Qui
1286 2101 1386 2178 legunt

228 2204 368 2286 diffudit,
388 2202 502 2261 omnino
523 2201 682 2262 ubertatem
703 2203 887 2280 descriptam,
910 2203 958 2279 qui
979 2199 1131 2278 defundit,
1152 2201 1302 2278 epistolem
1319 2211 1386 2262 ente

227 2325 353 2368 messem
380 2303 476 2360 datum
501 2305 615 2382 rident,
644 2307 691 2382 qni
712 2305 848 2384 descedit,
878 2323 1003 2364 messem
1028 2303 1083 2361 hoc
1104 2322 1178 2362 anno
1200 2302 1400 2381 largissimam¹

227 2410 319 2471 fnisse
345 2404 497 2482 opinentur
521 2405 694 2484 significari,
725 2408 801 2484 quod
833 2423 869 2464 ne
893 2406 952 2483 jem
980 2405 1128 2464 resciverit
1155 2405 1247 2464 Iccius
1274 2425 1384 2466 vereor.

229 2511 324 2587 Atque
344 2507 419 2564 haud
441 2507 501 2565 scio
522 2526 559 2566 nn
581 2509 687 2567 rectius
708 2509 738 2585 ii,
757 2509 806 2586 qui
825 2509 986 2566 universam
1004 2509 1071 2564 enni
1085 2527 1228 2567 annonam
1242 2509 1387 2568 etiamtum

228 2611 360 2671 ubertate
381 2627 433 2666 sun
454 2608 635 2685 conspicuam
656 2611 825 2688 intelligunt.
857 2607 890 2666 In
910 2608 965 2667 hoc
986 2610 1172 2687 interpretum
1191 2630 1309 2670 numero
1324 2613 1387 2668 Fen

230 2731 344 2792 quoque
372 2716 435 2784 est,
466 2710 514 2786 qui
545 2729 604 2768 non
633 2713 841 2772 contemnende
862 2711 957 2768 docet.
1000 2710 1251 2768 Wnlekenoerr'us
1277 2713 1386 2772 verbis:

229 2811 467 2892 „l'Abondnnee‚
489 2813 526 2869 de
548 2815 789 2889 secernentur,
811 2830 893 2870 verse
915 2817 981 2869 tons
1003 2831 1050 2869 ses
1072 2811 1205 2869 bienfsits
1226 2833 1275 2870 snr
1295 2813 1387 2870 l'heu-

228 2933 315 2976 reuse
335 2911 439 2970 ltnlie“
462 2910 541 2969 eddit
561 2913 804 2988 magnificentiora
825 2931 909 2989 quern
931 2911 1058 2968 veriora:
1082 2911 1229 2987 „Jamais,
1251 2933 1287 2971 en
1308 2913 1387 2988 effet,

227 3016 360 3094 l’empire
385 3014 495 3070 romain
519 3031 557 3071 ne
579 3014 653 3090 jouit
678 3015 716 3071 de
741 3014 806 3091 plus
835 3014 870 3070 de
899 3011 1044 3086 bonhem,
1077 3013 1241 3088 n'atteiguii
1266 3032 1304 3070 un
1324 3013 1388 3090 plns

228 3122 299 3180 luent
320 3113 410 3192 degne
422 3092 460 3171 ‹le
473 3115 638 3192 prosperii&
654 3119 684 3174 et
700 3113 736 3172 de
750 3114 849 3192 gloire.
876 3111 920 3172 Le
935 3114 1120 3190 despotisme,
1142 3114 1272 3191 toujours
1291 3114 1388 3175 revitu

230 3225 284 3282 des
305 3221 411 3280 formes
433 3215 604 3276 honornbles
625 3217 662 3276 dc
682 3215 710 3273 ln
731 3214 845 3290 liberte,
866 3215 988 3274 entoure'
1009 3215 1061 3274 des
1081 3215 1152 3274 rites
1169 3216 1291 3274 veneris
1308 3217 1344 3276 de
1363 3216 1390 3276 le

230 3321 365 3398 religion,
386 3335 422 3375 ne
443 3315 589 3394 deployeit
610 3317 714 3395 qu'une
734 3317 886 3395 puissenee
905 3317 1040 3378 seluteirc
1055 3324 1085 3377 et
1099 3319 1199 3396 jamnis
1214 3317 1390 3394 oppressius.

229 3423 409 3485 L'encienne
431 3419 617 3478 constitution
639 3420 711 3476 etoit
731 3419 897 3494 respectee3
922 3439 957 3478 en
980 3420 1141 3497 obiissent,
1169 3439 1207 3478 on
1228 3437 1261 3476 se
1281 3421 1391 3497 croynit

231 3543 338 3586 encore
357 3521 444 3592 libre;
466 3525 496 3578 et
515 3520 557 3581 les
578 3521 690 3578 feveurs
712 3521 751 3577 du
773 3520 825 3578 ciel
847 3521 1014 3581 semblnient
1033 3539 1185 3581 consecrer
1201 3539 1254 3599 per
1272 3521 1324 3581 des
1343 3524 1390 3582 τέ-

233 3625 324 3687 celtes
352 3621 530 3682 abondantes
558 3620 585 3680 lu
612 3639 730 3698 segesse
760 3619 922 3700 d'Auguste
950 3624 998 3700 qni
1022 3623 1178 3701 presidait,
1205 3642 1314 3684 comme
1335 3645 1390 3684 noe

237 3805 439 3820 'ua-

318 3926 347 3996 *)
368 3928 449 3991 Quod
465 3931 564 3982 verbe:
586 3927 669 3998 copta
682 3931 762 3997 pleno
776 3945 859 3982 coron
873 3927 1030 3983 Lactantius
1044 3929 1078 3983 ed
1092 3929 1166 3985 Stet.
1179 3931 1269 3986 Theb.
1283 3927 1310 4001 4,
1329 3937 1391 3990 106.

234 4013 348 4068 Boethio
369 4014 513 4080 tribueret,
536 4015 697 4083 'l'iliobroge
720 4019 809 4067 aetate
829 4013 1007 4084 posteriorem
1026 4033 1086 4068 esse
1104 4015 1218 4071 Boethio
1241 4019 1391 4072 sensnum

233 4099 411 4168 interpretem
433 4098 548 4168 poterit.
591 4101 693 4152 Contra
713 4096 875 4154 Muneherns
895 4099 929 4152 ed
948 4099 1046 4169 Hygia.
1069 4101 1202 4155 961131.
1221 4104 1307 4172 p.77.
1333 4119 1392 4156 cor-

233 4193 342 4253 ruptum
354 4183 397 4236 hic
410 4194 502 4238 censet
512 4182 679 4238 inscientium
694 4189 722 4235 et
734 4183 763 4236 in
773 4183 881 4238 Boethii
892 4185 975 4238 locun
987 4185 1136 4251 Horatium,
1151 4186 1220 4257 epod
1236 4203 1313 4256 quern
1322 4185 1392 4240 idem

234 4269 269 4324 (l.
293 4269 371 4322 Seec.
392 4267 436 4323 59.
456 4269 574 4340 legetur,
600 4267 821 4322 substituendum.
860 4271 901 4323 De
924 4277 1014 4323 eetnte
1035 4270 1172 4324 Luctantii
1196 4268 1327 4340 (Lutatii)
1348 4271 1393 4325 hic

235 4371 367 4426 quaerere
380 4370 432 4407 non
446 4354 551 4423 attinet,
571 4355 622 4408 hoe
635 4371 713 4407 uuum
728 4361 815 4408 numm
830 4353 927 4425 conjici
940 4372 1022 4425 posse
1036 4355 1153 4423 videtur,
1171 4355 1295 4421 Boethio,
1314 4373 1393 4428 quum

233 4457 283 4494 rere
303 4439 424 4493 rmatn
445 4457 553 4494 monum
573 4443 655 4496 Pleno
677 4440 761 4509 copta
780 4457 864 4494 eorm
884 4440 1003 4510 diceret,
1024 4447 1072 4494 snt
1094 4440 1172 4509 hujus
1193 4439 1325 4510 epistolae
1345 4453 1393 4498 rut

235 4522 306 4577 illins
325 4523 404 4593 lyrici
425 4523 549 4579 carminis
569 4525 653 4580 locunt
673 4525 845 4578 observatum
866 4543 935 4579 esse.
1034 4572 1038 4580 .
