3420 5332
377 507 442 572 460
453 507 674 570 comitr.
690 507 733 570 ΙΝ
745 507 838 572 ΗΟΒ.
856 507 932 568 LiB.
952 507 973 567 Ι.
995 505 1118 568 uelut.
1133 503 1437 567 »nonuncium
1453 509 1521 571 112

377 685 423 740 ter
442 677 590 754 bibentur,
621 685 681 738 tum
701 679 722 738 ii
742 683 822 756 eunt,
850 678 898 756 qni
922 677 1016 738 meum
1045 695 1214 755 generorum
1242 695 1306 736 cnut
1329 683 1415 754 gnetu
1443 675 1522 736 celii-

377 781 477 840 dorom
508 779 638 840 heuriuut
660 785 690 838 et
721 799 738 837 e
768 780 874 840 nortrie
906 778 1077 857 „zungun
1115 775 1379 838 Feinrcbmecker“
1416 797 1523 838 rocen-

377 888 433 942 tur.
477 881 584 941 Eodem
613 881 693 940 uotio
715 878 770 958 tt,
789 881 840 946 84.
872 899 985 958 qnoque
1012 886 1086 940 tecte
1113 879 1297 956 significetur.
1345 881 1400 942 Bet
1420 881 1522 959 igitur:

379 983 518 1062 „Telium
542 983 773 1060 propinationes,
804 981 932 1060 quemvis
948 981 1042 1040 eiieuo
1063 981 1113 1042 tibi
1132 990 1259 1061 tempore
1279 982 1365 1060 fient,
1396 983 1455 1042 noli
1475 1001 1523 1043 re-

380 1104 493 1157 currere,
521 1085 574 1142 ni'ri
599 1084 628 1142 iu
659 1103 756 1143 eorum
780 1084 877 1144 odium
900 1082 1026 1142 incidere
1051 1083 1158 1159 merie,
1180 1084 1315 1142 etenim“
1335 1071 1392 1144 ete.
1436 1084 1523 1144 Addit

379 1185 478 1244 media
495 1184 532 1244 de
551 1186 676 1260 now)
697 1189 756 1242 tum
774 1184 812 1243 ed
835 1191 964 1244 moturum
985 1203 1019 1242 ec
1035 1203 1129 1244 morer
1149 1191 1294 1262 potorum,
1326 1187 1376 1264 qni
1394 1185 1438 1246 vei
1460 1186 1523 1266 ipre

378 1290 473 1349 media
490 1293 575 1346 nocte
596 1303 673 1344 mero
693 1284 879 1361 reinvitent,
899 1289 1055 1344 accuratius
1075 1285 1294 1364 deemibeudoe,
1312 1293 1373 1346 tum
1393 1289 1431 1346 ed
1450 1307 1523 1367 pon·

379 1394 433 1451 dns
454 1389 601 1448 excueunti
616 1395 774 1444 nootronoo
795 1397 906 1464 tepores
923 1386 1092 1446 eddendnm
1127 1387 1237 1466 Mejore
1255 1388 1329 1448 eninr
1346 1389 1523 1450 inconmodo

379 1581 432 1635 rite
449 1577 604 1634 Torrentius
616 1579 731 1632 ὸῶιῑιιιιι
744 1577 834 1646 teoto
846 1579 932 1632 medio
946 1580 980 1632 de
992 1587 1068 1632 nocto
1081 1578 1193 1634 Folenei
1205 1574 1247 1644 tt,
1262 1571 1306 1632 34.
1324 1579 1459 1648 opporuit.
1486 1581 1522 1632 tc

379 1669 408 1720 in
418 1666 519 1719 duobus
531 1681 576 1718 rr.
590 1663 780 1734 conjungendir
790 1664 890 1716 enimus
900 1663 1085 1734 expliceutiurn
1094 1663 1258 1716 distrahitur.
1280 1664 1446 1718 Scholiootee
1456 1663 1521 1718 euim

380 1748 506 1820 Cruquii=
524 1749 705 1819 ‚,potulenti,“
730 1749 833 1820 quodi.
848 1767 873 1802 e.
887 1757 944 1820 pot.
958 1749 1008 1802 to.
1023 1749 1157 1816 Bentiejeu
1178 1749 1295 1819 ineptum
1310 1749 1391 1817 dicit,
1411 1749 1521 1820 perinde

381 1835 449 1890 enim
464 1851 524 1888 erre
539 1851 570 1887 ec
587 1834 611 1886 ei
630 1843 734 1904 potores
751 1842 872 1904 poemen
891 1833 1000 1887 dixeris.
1037 1833 1117 1896 Quod
1131 1833 1229 1886 crimen
1251 1840 1282 1886 ut
1300 1835 1424 1901 tolletur,
1447 1835 1522 1887 Ione·

380 1929 455 1993 „pot
468 1920 518 1973 ou.
533 1919 627 1973 uimine
641 1927 669 1970 et
682 1917 831 1984 meiduor,“
846 1919 977 1972 θωπιηιι
990 1926 1117 1988 „potores
1127 1920 1223 1971 aerest
1236 1919 1363 1990 iutelligit
1373 1919 1456 1972 rerbo
1468 1921 1522 1972 Fo-

379 2006 449 2061 terni
465 2005 543 2074 pierre
563 2006 696 2073 eejuucto,
712 2020 790 2074 quem
806 2001 909 2076 quidem
928 2002 1172 2074 interpretationem
1189 2004 1333 2058 Soteridw
1347 2004 1446 2076 optimo
1458 2005 1523 2073 jure

380 2091 526 2163 improbet,
541 2097 571 2141 nt
582 2089 665 2143 verbo
675 2089 883 2143 assentientibus
897 2105 965 2142 nuno
976 2087 1111 2144 antecro
1122 2097 1151 2142 et
1160 2087 1365 2160 Ddieniurgero
1378 2091 1417 2144 eic
1430 2089 1522 2158 expie-

380 2187 441 2230 net:
462 2176 608 2241 „Potoree,
624 2175 669 2246 qui
680 2203 721 2214 —
732 2204 773 2214 -
786 2175 924 2227 Falernum
935 2174 1049 2228 bibunt“
1065 2175 1108 2228 rei
1121 2183 1151 2227 ut
1163 2172 1225 2226 elii:
1246 2175 1380 2242 „Potorer
1391 2174 1521 2238 sitienter,

380 2260 451 2317 eridi
460 2259 514 2312 vini
522 2258 659 2312 Falerni.“
672 2260 700 2311 C.
710 2259 818 2312 Poenoue
829 2258 961 2327 „Zecber‚
973 2258 1121 2328 diegitiich
1130 2259 1316 2313 eiehtbnnron
1325 2259 1522 2328 derMitte(i!)

379 2347 430 2400 der
440 2343 567 2398 Necbtiu
579 2343 736 2398 Faleruer.“
762 2344 818 2397 Sed
829 2345 968 2414 predatio,
987 2360 1062 2413 quem
1080 2344 1181 2416 quidem
1196 2343 1241 2396 iiie
1257 2361 1316 2398 erre
1328 2345 1387 2399 ruit
1400 2363 1432 2399 ee
1447 2359 1522 2415 quem

379 2445 461 2500 eupre
478 2430 612 2500 poruimoe
632 2429 809 2499 explicetione
824 2430 907 2499 megin
926 2429 1075 2499 eugebitur.
1105 2431 1146 2484 De
1168 2427 1279 2482 ridiculo
1297 2429 1382 2500 igitur
1400 2439 1522 2500 potorum

378 2514 509 2585 Epitheto
526 2514 638 2568 Oretiim
650 2513 779 2568 rollioitur
791 2529 852 2568 eree
868 2533 921 2570 uon
939 2516 1063 2570 debebat.
1095 2513 1165 2568 Mire
1183 2519 1269 2568 eutem
1283 2515 1382 2570 licentii
1394 2515 1465 2570 rttiu
1480 2525 1524 2569 ert

380 2599 467 2654 Bidnti
480 2598 640 2669 ecdbende,
661 2607 692 2654 ut
705 2599 838 2654 renuntio
851 2599 902 2654 nite
924 2601 1060 2670 „Potorer
1072 2599 1207 2670 insignes,
1227 2599 1272 2670 qui
1291 2599 1386 2655 bibunt
1398 2617 1432 2657 ιι.
1450 2599 1477 2654 d.
1497 2617 1522 2656 o.

380 2685 522 2738 Feternum
531 2684 627 2737 Bibulo
642 2684 749 2738 contule
763 2683 829 2738 celle
843 2685 947 2738 rinerie
960 2686 1111 2739 conditum“
1126 2685 1187 2740 coli.
1203 2684 1255 2738 od.
1267 2684 1293 2752 3,
1305 2688 1348 2754 28,
1363 2688 1389 2742 8.
1403 2682 1523 2756 t‚11‚2.

464 2767 492 2838 ⁸)
512 2767 661 2821 Formidem
679 2769 766 2823 medio
781 2770 815 2822 dc
834 2779 911 2824 noete
929 2771 1039 2824 omnium
1061 2771 1172 2842 perrime
1196 2769 1301 2839 aceepit
1319 2772 1469 2841 Boudeion,
1493 2781 1523 2824 ut

380 2855 467 2908 nediu
481 2855 514 2908 de
527 2852 677 2907 noctefleri
691 2853 808 2924 diceret,
823 2872 875 2908 uon
890 2856 959 2926 quod
975 2871 1007 2908 eo
1018 2872 1099 2925 neque
1110 2855 1314 2926 produceretur,
1329 2855 1375 2910 red
1387 2857 1458 2928 quod
1468 2865 1522 2909 turo

380 2940 493 3010 primum
514 2937 655 3009 inciperet.
690 2938 854 3008 ABeutlejo
871 2957 923 2994 non
943 2941 982 2994 ite
995 2941 1079 2995 dietot
1098 2941 1212 3009 Germ,
1234 2939 1330 3012 pocula
1343 2941 1452 2995 Feiemi
1466 2949 1523 3012 poet

380 3025 491 3079 rnediem
505 3033 609 3080 noctem
623 3031 749 3094 porrecte
767 3033 850 3079 retur.
881 3025 911 3078 In
931 3026 1011 3097 Angli
1032 3025 1102 3080 illine
1123 3026 1207 3080 verbe
1219 3027 1371 3081 &mous
1383 3029 1472 3098 juret,
1492 3033 1524 3079 ut

380 3110 480 3165 eddere
490 3127 540 3164 non
552 3109 673 3178 dubitet,
688 3109 839 3178 „Romenor
853 3109 887 3163 de
900 3110 985 3165 medie
1000 3119 1079 3165 nocte
1090 3127 1218 3182 nunquem
1228 3121 1335 3182 proeter
1345 3111 1523 3183 neqnireiutor

380 3196 526 3249 nebotonee
546 3197 698 3250 celebruere
717 3195 941 3266 computationem
964 3196 1006 3250 oui
1023 3213 1087 3249 vero
1107 3197 1281 3268 pertundere,
1303 3197 1442 3252 Horatium
1464 3213 1523 3250 eece

381 3279 467 3333 Lollio
483 3287 631 3346 auctorem,
644 3279 772 3348 ejusmodi
786 3297 929 3350 ganeonem
943 3281 995 3336 eibi
1009 3298 1111 3336 numere
1124 3291 1262 3352 petronem
1280 3289 1359 3350 etque
1372 3283 1431 3351 ejus
1444 3280 1523 3335 mori-

380 3364 429 3418 bue
444 3382 473 3418 ee
484 3365 680 3419 accommodare
688 3365 726 3416 i“
741 3365 816 3420 Haec
826 3365 909 3419 verbo
917 3367 964 3420 Vir
975 3365 1139 3420 doctissimue
1150 3367 1300 3438 roriprirnet
1311 3365 1414 3436 nollem,
1426 3367 1460 3420 de
1469 3362 1523 3420 illio

381 3457 455 3502 erret
468 3465 525 3502 cum
540 3450 640 3504 errorir
654 3455 780 3518 euetnrn,
797 3457 891 3504 contre
909 3468 985 3521 quem
1002 3462 1077 3506 recto
1088 3451 1206 3522 dirputet
1224 3452 1360 3523 Boudion,
1374 3468 1425 3506 uon
1436 3451 1523 3506 imme-

381 3550 437 3589 mor
456 3533 532 3603 hujus
546 3535 613 3602 loci,
637 3534 664 3588 in
681 3535 799 3590 Turseli.
817 3535 855 3590 11.
874 3553 901 3605 p.
915 3536 982 3604 205,
1004 3539 1075 3592 conf.
1091 3537 1170 3592 etiem
1194 3537 1384 3592 Weieeeetorn.
1403 3539 1455 3592 Gr.
1474 3538 1521 3592 iet.

380 3614 395 3684 5
409 3613 476 3688 250,
492 3622 516 3673 1.
542 3620 583 3672 De
599 3617 685 3691 epuiis
699 3619 744 3674 vei
757 3621 995 3691 computetiouibue
1010 3623 1068 3676 eive
1079 3621 1229 3689 nonturuie,
1245 3621 1303 3676 rire
1320 3622 1354 3676 ed
1372 3623 1458 3694 iprum
1470 3640 1523 3676 rue·

381 3703 452 3758 diem
467 3710 569 3758 noctem
581 3705 725 3773 protractio
739 3723 814 3761 nemo
824 3705 937 3760 dubitet.
966 3707 1189 3779 Exempiirrupre
1199 3705 1295 3779 poeitie
1308 3708 1376 3760 udde
1386 3706 1414 3761 in
1425 3715 1523 3762 utrem-
1553 3699 1559 3714 ⁴

381 3805 433 3862 qne
444 3806 497 3843 rem
508 3791 654 3856 Lucreti,
670 3792 713 3846 26.
728 3791 786 3846 cie.
798 3809 839 3860 pr.
849 3792 930 3846 Roec.
943 3792 999 3847 to.
1011 3789 1055 3862 46,
1071 3788 1131 3848 134.
1147 3794 1186 3852 Π.
1200 3794 1278 3848 Verr.
1294 3795 1320 3862 1,
1332 3795 1374 3862 12,
1388 3793 1432 3849 ³3.
1445 3794 1522 3846 Suet.

379 3875 446 3933 Ner.
467 3876 511 3932 27.
533 3873 609 3945 tipo.
627 3873 695 3928 Ere.
708 3877 734 3929 l.
748 3875 780 3928 ed
801 3875 868 3930 Teo.
889 3879 954 3932 dnn.
968 3875 1016 3948 14,
1030 3883 1055 3934 2.
1081 3878 1133 3932 Alii
1148 3878 1241 3947 diter,
1261 3886 1291 3932 ut
1310 3879 1460 3947 Patricium,
1481 3879 1523 3932 cui

381 3979 434 4016 non
451 3959 537 4016 defuit
549 3961 709 4016 imitetorum
727 3963 863 4016 temeriton
880 3963 1112 4035 praecipientium,
1127 3969 1177 4034 „nt
1187 3973 1292 4034 potores
1303 3964 1384 4018 tuno
1395 3965 1522 4018 temulen-

380 4047 436 4100 tiee
450 4045 550 4100 mereti
563 4045 746 4102 vehementiae
760 4063 841 4102 eeure
854 4046 1019 4117 dicerentur,
1034 4051 1074 4104 ite
1088 4050 1173 4104 nediu
1184 4049 1216 4102 de
1227 4051 1283 4104 uo
1293 4047 1522 4118 reprehensionirr

380 4149 440 4186 nem
453 4131 522 4185 diem
536 4133 702 4202 perpotondo
713 4149 867 4186 connumere
876 4141 906 4186 et
919 4137 1040 4188 excuoeri
1049 4153 1101 4189 non
1114 4151 1196 4205 poree
1211 4141 1239 4188 et
1252 4151 1358 4206 temper
1370 4139 1449 4204 turpe
1461 4149 1521 4186 eene

380 4217 529 4272 hebitum.“
555 4218 673 4288 Propter
686 4217 795 4272 similem
806 4235 919 4287 murem,
933 4217 952 4272 i.
965 4237 990 4274 e.
1002 4219 1193 4274 luxuriosorum
1203 4226 1232 4274 et
1241 4218 1447 4289 volupteriorum
1458 4233 1522 4270 con·

380 4303 561 4369 ruetudinem‚
575 4303 705 4358 demedio
717 4303 760 4357 die
771 4321 867 4358 euenor
878 4302 1048 4374 respiciendi,
1064 4307 1199 4374 Benttejuo
1207 4315 1279 4359 ouem
1289 4305 1342 4358 eibi
1353 4305 1416 4358 iecit
1429 4301 1522 4356 ieeu'o·

381 4403 454 4453 uero,
470 4404 486 4441 e
503 4385 591 4440 Verrio
605 4387 633 4441 in
648 4388 822 4442 tremoletioue
837 4407 999 4460 exprereem.
1026 4391 1080 4442 Sed
1091 4389 1209 4444 viderint
1221 4389 1254 4457 ii,
1268 4391 1313 4462 qui
1324 4397 1409 4444 ectum
1421 4389 1524 4442 hebent

381 4473 453 4540 quod
468 4473 596 4542 egerunt!
628 4474 687 4527 Nor
703 4473 762 4527 reri
776 4479 877 4528 tentum
890 4475 1006 4530 etudiooi
1019 4493 1065 4530 eor
1087 4493 1140 4530 nou
1151 4491 1283 4546 curemur,
1306 4475 1351 4548 qui
1364 4473 1523 4530 nbtiiitetie

380 4554 486 4610 nimium
499 4556 631 4612 eoliioitre
645 4565 716 4613 eunt.
