3480 5338
340 515 404 582 ess
436 475 645 580 couneus.
662 517 706 578 uu
720 517 812 578 nou.
828 515 903 577 mo.
919 517 941 581 1.
972 515 1097 576 uersu.
1112 515 1420 578 ouonnvronsru.
1453 516 1497 580 90

343 707 429 750 muse
448 688 510 748 eliis
529 703 633 748 eronus
651 685 761 764 effutit,
785 684 959 744 Seirmiiiue
973 686 1084 746 confert
1105 685 1138 745 P.
1160 687 1223 763 Syr.
1241 688 1314 750 796.
1335 687 1495 764 Respicere

344 796 390 852 nii
410 792 561 850 oomuevr't
580 791 637 846 ἱνα.
675 788 759 847 Adde
781 789 818 846 de
838 788 879 846 irs
901 787 1012 866 loquaci
1036 789 1122 867 Prop.
1143 791 1173 863 1,
1200 793 1230 866 1,
1250 790 1301 852 27.
1339 787 1389 847 Sir
1409 788 1495 846 modo

343 895 483 964 libertae,
504 913 581 972 quae
601 890 679 949 volet
699 893 748 948 ira
767 889 861 970 loqui.
895 889 997 950 Weitz.
1024 891 1061 948 nd
1089 890 1226 950 Prudent.
1248 890 1395 969 Psyuleorn.
1423 893 1496 956 206.

343 998 388 1058 De
409 995 601 1075 metephmieo
624 1001 835 1050 tormentorum
854 1011 925 1064 uso,
952 990 1053 1071 quibus
1079 987 1113 1054 ri
1132 993 1304 1072 βωιανίζοιν
1324 995 1400 1073 opud
1422 993 1495 1052 Plnt.

345 1103 373 1159 in
394 1097 514 1160 Leelret.
536 1117 564 1174 p.
586 1096 655 1158 188.
675 1093 711 1153 A.
733 1094 915 1172 exprimitur,
936 1094 992 1154 rid.
1013 1093 1175 1155 Gottleber.
1194 1114 1242 1172 up.
1264 1095 1359 1154 Beier.
1374 1096 1413 1154 nd
1433 1094 1495 1154 Cio.

346 1201 430 1262 Ollio.
450 1201 482 1277 3,
503 1201 534 1272 9,
554 1194 608 1260 89.

429 1302 464 1368 V.
484 1302 589 1364 89-
609 1293 661 1360 40.
694 1295 760 1354 Nee
782 1307 836 1356 trra
862 1297 964 1356 sendus
982 1331 1025 1342 —
1043 1317 1169 1378 pereger.
1211 1297 1321 1358 Studia
1346 1297 1393 1356 lule
1417 1301 1446 1356 et
1467 1313 1497 1356 v·

345 1405 397 1468 66.
415 1423 450 1464 eo
465 1399 618 1482 imprimis,
640 1416 714 1476 quoe
733 1397 835 1458 Cicero
853 1419 905 1478 pro
928 1399 1009 1461 Coei.
1032 1402 1084 1477 19,
1104 1399 1154 1463 46.
1175 1400 1277 1459 stridis
1294 1397 1498 1458 debriationis

345 1512 437 1566 voest.
478 1501 607 1580 Exempli
624 1519 711 1560 oense
731 1501 890 1578 contrarie,
911 1506 943 1559 ut
965 1510 1083 1562 vastus
1105 1515 1135 1561 et
1160 1503 1257 1581 poesis
1284 1503 1421 1571 studium,
1443 1519 1498 1579 po·

346 1611 458 1666 nuntnr.
493 1604 677 1680 Quapropter
694 1621 756 1662 eum
781 1602 890 1662 Clerici.
912 1600 1012 1662 Minoe
1038 1604 1096 1664 noli
1123 1609 1224 1682 putere
1246 1603 1385 1682 praecipi:
1407 1619 1498 1678 „mo—

346 1708 486 1768 elestede
507 1725 539 1766 se
563 1705 678 1782 suisque
699 1705 799 1765 studiis
821 1706 943 1781 sentire,
971 1706 1201 1784 scriptorumque
1222 1705 1376 1765 alienorum
1397 1703 1498 1762 eundi-

346 1812 413 1868 dum
438 1807 648 1868 aestimatorem
675 1808 843 1886 minimeque
868 1826 1013 1866 morosum
1045 1815 1076 1866 et
1100 1808 1244 1868 difficilem
1269 1827 1301 1866 se
1326 1805 1499 1887 praebere.“

347 1912 392 1970 ild
412 1919 535 1970 mentem
556 1909 665 1970 Poetae
685 1927 776 1988 prope
797 1909 936 1968 recedunt
951 1905 1069 1966 lsoerut.
1085 1909 1122 1966 ed
1142 1908 1292 1969 Demonic.
1311 1929 1340 1988 p.
1355 1911 1405 1974 18.
1428 1907 1499 1968 wlf.

348 2015 459 2090 Maponi
474 2006 511 2074 roi
535 2014 598 2073 reis·
618 2009 765 2093 βοσιλὸων
789 2004 856 2089 ἤθη
875 2008 927 2072 οιαὶ
951 2010 1041 2072 dines
1062 2006 1098 2074 soi
1118 2010 1240 2074 ἐκείνων
1264 2005 1498 2092 intenderimus·

347 2110 445 2190 δόξεις
462 2108 520 2195 peip
540 2107 653 2187 erinnis·
674 2107 877 2192 οἷιιοδέχισθωι
897 2110 949 2173 οιαὶ
971 2114 1080 2191 ζηλοῦν
1106 2120 1135 2173 et
1154 2113 1274 2173 Terent.
1307 2115 1393 2174 Andr.
1417 2117 1447 2189 1,
1468 2115 1499 2187 1,

346 2217 387 2280 36
409 2247 452 2264 -
470 2215 523 2280 89.
553 2215 684 2276 Dictione
705 2215 876 2275 Lueretisne
892 2213 937 2290 (1,
960 2215 1010 2278 26.
1033 2215 1118 2290 982,
1140 2233 1198 2274 non
1216 2217 1253 2290 4,
1276 2219 1313 2288 8,
1334 2214 1382 2274 ubi
1393 2214 1499 2293 pondo

346 2320 452 2378 rectius
470 2316 615 2396 scribitur)
638 2327 780 2396 poemata
801 2334 939 2393 pangere
962 2314 1062 2395 (11.1).
1083 2318 1171 2396 416.)
1199 2319 1301 2380 Cicero
1328 2336 1443 2395 qnoque
1469 2317 1498 2374 in

348 2420 441 2498 Epist.
463 2421 502 2478 uu
521 2417 588 2478 niv.
608 2421 660 2495 16,
684 2420 735 2492 18,
757 2418 787 2480 5.
809 2419 908 2476 utitur.

431 2520 465 2580 V.
485 2519 527 2583 41
548 2551 591 2564 -·-
610 2519 662 2582 46.
700 2521 809 2578 Gratiis
829 2520 874 2576 sio
896 2549 931 2563 ·-
955 2521 1097 2598 imperiis.
1130 2522 1294 2582 Sententia:
1316 2519 1435 2595 „Qumn
1454 2521 1500 2578 in·

347 2629 391 2682 ter
418 2621 544 2680 homines
568 2621 670 2680 studiis
698 2618 945 2698 voluntatibusque
970 2621 1097 2682 diversos
1121 2625 1306 2682 communitus
1330 2623 1407 2682 vitue
1434 2641 1500 2682 esse

348 2729 487 2802 nequest,
518 2723 693 2800 sequendum
720 2730 765 2781 est
793 2722 958 2800 Amphionis
987 2729 1018 2784 et
1040 2725 1143 2800 Zethi,
1170 2725 1287 2785 [rutrum
1313 2725 1500 2803 geminorum,

349 2824 401 2883 sed
422 2823 563 2882 hominum
585 2823 784 2884 diversissimis
814 2825 938 2884 moribus
964 2825 1077 2904 insigne
1103 2827 1278 2906 exemplum,
1305 2829 1353 2906 qui
1373 2827 1500 2904 quumvis

348 2927 390 2986 uic
410 2927 564 2987 concordie
582 2926 719 2986 distractu
737 2934 833 3003 esset,
854 2927 937 2986 focile
954 2929 985 2985 in
1002 2930 1124 3006 gretiam
1143 2931 1304 3004 redierunt,
1326 2949 1412 3007 quum
1429 2927 1499 2988 Am-

349 3028 438 3108 phion
460 3027 584 3086 morosis
612 3027 708 3086 fratris
735 3028 780 3086 sui
804 3029 931 3088 moribus
957 3032 1052 3095 cessit.
1098 3032 1126 3090 T
1128 3051 1145 3090 u
1169 3031 1214 3092 rel
1241 3031 1350 3090 ieoilius
1373 3031 1501 3110 potentis

350 3128 431 3188 unrici
450 3127 575 3205 (01.2,
598 3132 729 3208 18,12)
754 3137 854 3210 utpote
877 3131 980 3191 leniter
1004 3133 1169 3210 imperantis
1193 3134 1355 3194 voluntates
1382 3133 1500 3210 adjure-

350 3228 426 3291 bis.“
470 3226 515 3288 lle
534 3227 629 3288 sebule
646 3231 709 3308 ipsu
729 3233 757 3290 in
782 3232 926 3313 Euripidis
947 3241 976 3292 et
1003 3235 1117 3294 Pacuvii
1143 3235 1267 3314 Antiope
1292 3241 1416 3294 trsomte
1437 3235 1502 3295 ride

354 3328 506 3388 Weleleri
524 3331 712 3390 doctissimam
739 3333 975 3410 disputationem:
1001 3335 1086 3411 „Die
1111 3337 1226 3396 Grieolr.
1256 3336 1451 3415 Trogodien“
1470 3357 1501 3415 p.

351 3433 412 3493 811
430 3450 494 3508 sqq.
528 3433 635 3492 Botlrii
656 3432 737 3497 Poet.
764 3433 812 3493 lat
837 3456 915 3496 scen.
941 3438 1040 3515 fingor.
1062 3440 1086 3498 l.
1108 3460 1137 3518 p.
1163 3440 1223 3504 102
1246 3459 1312 3518 sqq.
1332 3439 1397 3498 coll.
1419 3439 1501 3500 Serv.

351 3540 380 3592 rt
394 3531 514 3613 urbig.
535 3536 574 3594 nd
587 3535 665 3613 Virg.
689 3535 790 3614 Eulog.
805 3539 836 3613 2,
852 3538 915 3615 24,
933 3540 970 3598 de
990 3543 1137 3619 utriusque
1151 3541 1248 3600 fratris
1266 3561 1302 3600 ex
1314 3541 1387 3602 Jove
1401 3546 1431 3602 et
1444 3541 1504 3601 An·

351 3637 430 3712 tiope
449 3636 509 3694 nuti
529 3637 755 3698 dissimilitudine
775 3640 933 3700 studiorum
960 3642 1075 3721 Ursgeri
1093 3641 1234 3704 Pemdox.
1255 3641 1348 3707 Theb.
1372 3648 1401 3718 1,
1422 3645 1454 3707 8.
1474 3665 1503 3723 p.

352 3737 404 3800 30.
424 3742 455 3795 et
475 3738 507 3814 2,
525 3738 553 3800 1.
571 3758 601 3816 p·
618 3741 669 3802 86.
692 3739 803 3802 Locum
821 3749 915 3802 eutem
935 3741 1063 3804 Plutonis
1085 3765 1102 3804 e
1120 3746 1231 3823 Gorgia
1252 3744 1320 3826 (41.
1344 3746 1383 3806 io.
1403 3745 1505 3806 Stullb.

350 3861 380 3918 p.
405 3837 480 3918 148)
504 3839 540 3898 eh
571 3840 737 3902 Horatianis
772 3845 975 3924 interpretibus
1006 3845 1119 3908 telletum
1146 3867 1181 3908 ex
1207 3849 1353 3928 Euripidis
1381 3848 1505 3928 Antiope

352 3961 418 4002 esse
435 3941 561 4021 pluribus
584 3941 713 4020 edocuit,
734 3947 829 4022 quoad
850 3946 955 4022 scum,
976 3949 1083 4026 primns
1103 3950 1147 4008 D.
1167 3951 1313 4008 Heinsius
1332 3951 1361 4010 in
1380 3949 1451 4014 Not.
1473 3973 1504 4030 p.

352 4041 403 4106 64.
423 4044 470 4106 ed.
494 4045 587 4108 1612.
611 4076 647 4088 -
677 4046 786 4105 Gratia
804 4081 846 4092 -
865 4049 997 4106 dissiluit
1018 4057 1049 4109 ut
1069 4051 1178 4111 Arnolr.
1200 4055 1231 4126 2,
1253 4051 1305 4114 60.
1325 4052 1456 4110 dissiliat
1476 4066 1508 4111 et

351 4144 545 4222 dirurnpoiur
570 4147 717 4219 nudius,
744 4151 924 4210 similitudine
945 4171 962 4210 e
982 4153 1144 4212 vulneribus
1165 4162 1293 4232 sumptu,
1321 4155 1377 4214 vid.
1406 4155 1444 4212 ud
1470 4153 1503 4229 8,

353 4247 405 4308 80.
427 4248 479 4311 31.
507 4248 541 4307 ln
564 4268 624 4308 rem
650 4250 811 4311 Scholiasta
831 4254 867 4310 ad
888 4253 1003 4312 Hesiod.
1028 4253 1141 4331 Theog.
1166 4257 1216 4318 60.
1244 4249 1429 4338 ὁμόφρονας]
1447 4248 1505 4336 οὐχ

354 4343 452 4430 ὥσπερ
470 4341 607 4430 Ἀμφίων
628 4351 679 4414 καὶ
702 4357 811 4433 Ζῆθος
831 4348 958 4431 ddelpol
984 4349 1039 4433 priv
1060 4345 1157 4436 ἦσαν,
1179 4352 1346 4439 ἕτερόζηλοι
1365 4353 1398 4420 dl
1417 4349 1506 4438 ysyo'·

354 4471 424 4514 ναοι
443 4457 508 4526 ταῖς
527 4451 754 4535 προαιρέσεσιν,
782 4449 858 4517 oillei
878 4451 936 4536 seir
957 4451 1054 4536 oiseis
1075 4461 1136 4520 τοῖν
1156 4454 1397 4538 ἐπιτηδευμάτων
1418 4455 1507 4537 ἔσχον

355 4554 537 4633 προαίρεσιν.
560 4589 602 4600 -
620 4557 655 4612 V.
678 4554 728 4621 42.
749 4558 842 4616 donee
863 4569 1000 4637 suspecto
1017 4579 1115 4618 οινωω
1140 4559 1289 4618 caerem
1305 4560 1380 4638 pra.
1408 4560 1507 4620 Soloi.
