3512 5324
345 467 407 534 242
450 460 655 530 comm.
670 458 712 522 IN
725 459 818 558 HQR.
832 458 907 521 LlB.
921 460 944 519 Ι.
968 459 1093 524 nnls'r.
1114 457 1253 532 QUlN‘l'.
1266 457 1401 522 nuent.
1445 461 1486 525 82

346 661 454 720 tutione
473 657 601 737 protecte
623 651 750 724 videtur,
780 655 813 708 ut
833 669 895 710 eum
913 653 1072 712 tenuissimo
1093 650 1200 710 Poetae
1227 649 1295 709 vitio
1323 652 1488 712 vertamus

348 781 411 822 esse
433 775 576 834 nunquam
596 752 647 812 tibi
669 753 852 831 persuadens.

431 875 603 934 Nunwnim
625 873 707 934 Vola
726 873 837 932 idemne
858 875 912 950 sit,
934 875 983 952 qui
1003 893 1029 932 u.
1049 895 1077 933 u.
1098 875 1171 940 763.
1192 871 1405 952 legatireversi
1426 871 1488 931 l'ne·

347 977 650 1056 nt‚duonsvn.1a0.
680 977 866 1053 Gronovius,
895 977 1059 1036 dubitarunt
1081 977 1147 1056 alii,
1177 984 1210 1037 ut
1231 979 1430 1037 Burmannus
1451 977 1488 1036 nd

321 1157 327 1162 ι
349 1082 421 1144 Vell.
442 1079 552 1140 Paterc.
576 1081 606 1155 2,
629 1081 700 1144 119.
722 1079 772 1158 (11.
790 1099 820 1158 p.
838 1080 929 1142 1198.
952 1081 998 1138 ed.
1020 1079 1164 1158 liciole),
1185 1082 1238 1141 lac
1251 1083 1386 1161 imprimis
1404 1099 1490 1139 censa

350 1185 488 1262 permoti,
517 1183 594 1258 quod
618 1190 777 1261 temporum
801 1181 875 1239 rotio
902 1181 979 1240 illum
1005 1181 1131 1259 legatum
1151 1192 1183 1244 ut
1204 1185 1342 1262 juniorem
1368 1183 1490 1244 evincet.

348 1287 423 1346 ilem
451 1286 479 1342 iu
508 1283 600 1343 medio
628 1284 762 1362 relinquit
792 1282 984 1354 Schmidciss,
1019 1305 1103 1345 unum
1146 1287 1321 1364 eundemque
1348 1286 1490 1345 hominem

350 1391 439 1450 fnisse
458 1393 572 1466 praeter
591 1385 661 1446 elios
677 1389 828 1465 opinantur
842 1385 952 1455 Duru,
979 1383 1194 1466 Cllnrpentier,
1220 1387 1421 1448 Walckenaer
1440 1385 1489 1466 (ll.

350 1514 380 1571 p.
404 1493 477 1570 12).
510 1489 549 1548 nt
570 1489 632 1566 quis
661 1493 724 1564 cst,
759 1488 807 1564 qul
835 1487 932 1546 anam
959 1488 1077 1566 triginta
1105 1497 1183 1558 certe
1213 1491 1294 1550 anuis
1322 1495 1390 1568 post
1417 1487 1491 1547 lrnnc

351 1593 511 1675 Epistulam
533 1593 667 1670 serptnm
685 1591 826 1680 stipendis
846 1590 957 1648 demum
974 1593 1112 1651 meruisse
1134 1593 1188 1652 sibi
1209 1589 1403 1671 persuadent?
1434 1591 1491 1661 Qui

352 1699 382 1756 in
403 1696 493 1756 veteri
512 1693 628 1753 deuorm
649 1691 740 1751 Fulvii
759 1691 855 1752 Ursini
877 1697 907 1750 et
928 1691 1081 1752 Clementis
1103 1689 1243 1755 Tereniui
1264 1695 1322 1776 (ap.
1343 1691 1443 1754 Lumb.
1464 1697 1494 1750 et

354 1799 457 1876 Cruq.)
482 1797 515 1860 C.
533 1795 707 1853 Numenius
732 1793 834 1852 Vaalo
853 1796 1030 1872 nominetur,
1051 1797 1095 1856 vel
1114 1803 1213 1856 noster
1231 1799 1345 1857 videtur
1367 1815 1431 1856 esse
1447 1795 1493 1856 vel

354 1902 497 1979 antiquior
526 1905 555 1956 et
575 1897 658 1976 hujus
688 1897 782 1973 gentis
808 1902 916 1957 auctor.
967 1895 1053 1956 Aurei
1079 1906 1173 1958 nutem
1199 1900 1414 1960 numismatiss
1442 1897 1493 1956 Jo-

354 2021 427 2062 anne
453 1999 606 2076 Blnnclnio,
638 1998 808 2058 Ariminensi
833 2000 963 2076 medico,
994 1999 1135 2060 Clementi
1161 1999 1236 2062 xlv.
1263 2001 1389 2081 pontifici
1418 2002 1494 2060 dono

355 2106 416 2164 deti
435 2103 607 2162 mentionem
624 2103 713 2182 injicit
732 2101 924 2181 Dorighello,
947 2099 995 2179 qui
1013 2101 1082 2160 illud
1099 2103 1237 2163 numisma
1254 2125 1288 2165 ex
1305 2105 1396 2165 altero
1413 2108 1497 2184 parte

354 2207 510 2267 Victoriam
537 2203 659 2280 elotum,
686 2223 721 2264 cx
749 2203 838 2263 altera
864 2209 946 2281 parte
972 2203 1087 2263 militem
1114 2211 1250 2266 ornatum
1274 2225 1368 2267 arcem
1397 2211 1498 2264 contu

355 2308 477 2367 hostium
498 2306 634 2383 impetum
655 2305 855 2365 defendentem
876 2303 981 2363 debere
1008 2304 1183 2388 testetur.*)
1223 2307 1313 2369 Recte
1334 2307 1498 2366 Echdelius

357 2409 407 2487 (V.
428 2429 457 2486 p.
479 2405 578 2486 263),
600 2407 694 2484 quiet
713 2409 776 2485 ipse
798 2407 870 2465 dnos
890 2425 1019 2466 nummos
1036 2409 1135 2467 eadem
1153 2409 1335 2491 inscriptione
1351 2409 1498 2486 describit,

359 2511 530 2588 scripturum
560 2507 664 2568 Vacca
690 2526 743 2586 pro
770 2508 946 2582 erchsism0‚
973 2515 1006 2567 ut
1029 2508 1118 2570 Sulla
1138 2512 1259 2583 Fectio,
1285 2512 1380 2572 hebet.
1409 2510 1496 2570 Cous.

357 2613 462 2674 Roscii.
484 2609 557 2669 Lex.
583 2611 625 2669 rei
653 2628 728 2671 num.
750 2607 798 2670 lll.
824 2613 851 2672 1Ι
874 2631 902 2688 p.
931 2595 1024 2675 1620.
1067 2613 1130 2673 Huc
1155 2615 1264 2674 aceedit
1284 2612 1429 2692 inscriptio
1451 2629 1499 2690 up.

360 2713 447 2775 Orell.
465 2711 559 2776 4931.
609 2711 643 2771 C.
662 2709 834 2768 Numonc'uc
866 2707 992 2771 Votuin
1012 2713 1108 2774 Nubis
1129 2724 1243 2796 repertu
1261 2723 1290 2775 et
1310 2712 1499 2792 veldugusto

359 2819 514 2895 imperante
535 2833 565 2894 p.
585 2811 652 2872 Chr.
674 2818 731 2872 nst.
752 2815 780 2878 2.
801 2812 847 2872 vel
860 2810 1023 2875 Domitiano
1044 2835 1074 2894 p.
1089 2816 1157 2880 cnr.
1177 2823 1238 2878 nat.
1260 2821 1312 2882 87.
1331 2810 1501 2896 scripts.**)

359 2917 511 2978 Praeterea
531 2912 699 2974 Lambinus
719 2899 929 2994 inscriptionem
949 2918 987 2976 od
1006 2917 1039 2976 C.
1056 2917 1246 2980 Nucnom'ecm
1265 2919 1377 2980 Vatum
1392 2921 1422 2978 in
1440 2935 1502 2978 om-

360 3019 445 3078 nibns
472 3019 533 3076 lere
564 3017 647 3076 codd.
674 3037 743 3076 mss.
771 3023 800 3076 et
827 3019 856 3077 iu
884 3018 965 3079 ltslic
988 3022 1019 3080 et
1039 3021 1070 3078 in
1091 3021 1186 3080 Gellia
1204 3025 1327 3102 repertis
1345 3041 1377 3083 se
1397 3022 1503 3081 vidisse

361 3117 596 3180 luculentissimus
625 3121 707 3178 testis
736 3125 789 3181 est.
832 3119 912 3178 ldem
939 3120 976 3178 de
1005 3123 1174 3197 cognomine
1196 3125 1311 3202 quidem
1342 3123 1440 3187 Valere
1466 3125 1503 3184 de

363 3225 421 3282 suis
444 3227 567 3280 testatur
592 3221 770 3279 Torrentius.
794 3221 833 3281 L.
856 3241 968 3301 quoqne
986 3221 1106 3280 Durriae
1130 3223 1210 3284 Volo
1229 3228 1354 3288 medicus
1375 3247 1394 3286 a
1412 3224 1505 3285 Plinio

363 3327 393 3382 in
407 3324 483 3384 Eiet.
503 3323 572 3382 Nat.
594 3325 629 3399 7,
652 3323 703 3386 58.
725 3321 836 3400 (Valla
853 3325 883 3381 in
904 3325 950 3384 ed.
969 3323 1037 3384 Bes.
1060 3323 1166 3404 1525.)
1187 3337 1374 3407 memoretur,
1403 3349 1460 3408 quo
1475 3328 1505 3388 in

364 3426 444 3501 loco,
465 3425 597 3502 quonium
616 3423 681 3482 libri
700 3443 767 3483 mss.
792 3425 931 3482 Tuctium
948 3425 1069 3502 hahent,
1096 3427 1265 3488 Torrentius
1282 3431 1388 3491 Tunius
1406 3430 1506 3507 legen-

364 3529 431 3585 dnm
452 3530 558 3584 censet.
600 3525 680 3586 Idem
700 3525 737 3584 de
753 3527 864 3605 origiue
883 3533 913 3586 et
933 3529 1055 3587 nominis
1077 3535 1108 3590 et
1128 3533 1303 3610 cognominis
1319 3535 1428 3594 erudite
1444 3532 1506 3589 dis·

362 3632 463 3708 putat,
491 3645 610 3704 quocum
628 3627 664 3686 ci.
684 3625 767 3690 Voss.
789 3633 819 3688 et
843 3629 935 3688 Kritz.
964 3631 1002 3688 sd
1021 3627 1093 3690 Vell.
1115 3631 1226 3695 Petere.
1249 3633 1269 3693 l.
1294 3636 1313 3694 l.
1335 3641 1365 3694 et
1380 3633 1505 3692 Visconti

367 3729 521 3808 „lconogn
548 3728 654 3788 Rom.“
678 3725 702 3786 1.
727 3748 758 3808 p.
789 3725 831 3790 64
851 3749 895 3807 sq.
915 3733 940 3806 §.
966 3733 996 3794 8.
1020 3729 1133 3808 (Milan.
1159 3733 1266 3814 1818.)
1307 3735 1350 3796 Er
1370 3733 1414 3793 his
1435 3734 1506 3814 ipsis

368 3891 573 3902 -.-..--—

452 3989 481 4058 *)
497 3987 650 4058 Cognouen
663 3988 747 4058 igitur
762 4006 779 4042 n
792 4007 824 4044 re
837 3990 947 4044 militari
960 3991 1052 4045 eodem
1065 3992 1143 4048 modo
1157 3992 1249 4063 duxit,
1263 4009 1315 4063 qno
1330 3993 1454 4049 Pontis·
1468 3993 1510 4046 Pl-

370 4077 454 4130 tatum
468 4089 542 4128 snum
555 4074 694 4144 occepisse
709 4073 862 4145 opinentur.

435 4171 479 4244 “J
494 4173 614 4228 Ecndu
634 4175 717 4230 lusce.
736 4181 832 4246 utpote
852 4176 933 4230 mn
952 4184 1089 4248 repertum
1109 4177 1268 4250 explicuit,
1290 4187 1321 4235 nt
1335 4195 1403 4235 nnnc
1419 4181 1509 4246 rideo,

370 4261 504 4316 tamnus
518 4259 547 4314 in
559 4261 688 4328 ‚domuel
698 4261 747 4314 des
758 4261 884 4315 Snrnntn
900 4262 990 4316 Annio
1002 4259 1081 4319 1818.
1097 4264 1180 4318 Jnin“
1193 4283 1222 4336 p.
1233 4265 1365 4338 82⁰nqq.,
1379 4265 1427 4320 sed
1441 4279 1512 4336 quse

369 4346 424 4399 riri
437 4346 509 4400 illius
529 4345 677 4400 doctissimi
695 4345 729 4398 de
748 4344 801 4400 hoc
818 4345 923 4401 homins
941 4349 1075 4403 sententie
1089 4349 1140 4417 sit,
1159 4366 1202 4402 no
1215 4351 1296 4406 hoelis
1309 4350 1450 4422 praeterit,
1480 4351 1512 4403 81

371 4431 439 4484 lnce
450 4429 592 4502 inmripn'o
612 4445 709 4484 rerem
721 4432 750 4484 ln
763 4432 879 4502 priorem
892 4431 965 4489 illum
978 4451 1073 4491 ennom
1086 4435 1229 4492 nmo·
1243 4443 1300 4506 est,
1319 4435 1349 4490 in
1364 4451 1398 4490 es
1413 4434 1513 4492 Nm

372 4515 445 4570 nium
458 4515 634 4571 Hontinnnn
646 4515 711 4571 milei
724 4517 820 4572 videor
835 4516 938 4572 ridcrs.
