<?xml version="1.0" encoding="UTF-8"?>
<!DOCTYPE html PUBLIC "-//W3C//DTD XHTML 1.0 Transitional//EN"
    "http://www.w3.org/TR/xhtml1/DTD/xhtml1-transitional.dtd">
<html xmlns="http://www.w3.org/1999/xhtml" xml:lang="en" lang="en">
 <head>
  <title>
</title>
<meta http-equiv="Content-Type" content="text/html;charset=utf-8" />
  <meta name='ocr-system' content='tesseract 3.04.00' />
  <meta name='ocr-capabilities' content='ocr_page ocr_carea ocr_par ocr_line ocrx_word'/>
</head>
<body>
  <div class='ocr_page' id='page_1' title='image "./quintihoratiifl00schmgoog_0321.png"; bbox 0 0 3472 5320; ppageno 0'>
   <div class='ocr_carea' id='block_1_1' title="bbox 369 541 1505 610">
    <p class='ocr_par' dir='ltr' id='par_1_1' title="bbox 369 541 1505 610">
     <span class='ocr_line' id='line_1_1' title="bbox 369 541 1505 610; baseline 0 0"><span class='ocrx_word' id='word_1_1' title='bbox 369 541 432 610; x_wconf 74' lang='lat'><strong>³10</strong></span> <span class='ocrx_word' id='word_1_2' title='bbox 479 545 688 609; x_wconf 80' lang='lat' dir='ltr'><strong>COMMENT.</strong></span> <span class='ocrx_word' id='word_1_3' title='bbox 704 545 747 608; x_wconf 79' lang='grc' dir='ltr'><strong>ΙΝ</strong></span> <span class='ocrx_word' id='word_1_4' title='bbox 761 543 976 608; x_wconf 70' lang='lat' dir='ltr'><strong>nonunt</strong></span> <span class='ocrx_word' id='word_1_5' title='bbox 1005 541 1395 606; x_wconf 71' lang='lat' dir='ltr'><strong>urrunsumucnd</strong></span> <span class='ocrx_word' id='word_1_6' title='bbox 1443 545 1505 610; x_wconf 78' lang='grc'><strong>180</strong></span> 
     </span>
    </p>
   </div>
   <div class='ocr_carea' id='block_1_2' title="bbox 359 729 1505 4283">
    <p class='ocr_par' dir='ltr' id='par_1_2' title="bbox 359 729 1505 4283">
     <span class='ocr_line' id='line_1_2' title="bbox 367 729 1505 814; baseline -0.004 -20"><span class='ocrx_word' id='word_1_7' title='bbox 367 737 495 814; x_wconf 80' lang='lat' dir='ltr'><strong>oooipr&#39;te</strong></span> <span class='ocrx_word' id='word_1_8' title='bbox 516 745 544 792; x_wconf 84' lang='lat' dir='ltr'><strong>et</strong></span> <span class='ocrx_word' id='word_1_9' title='bbox 562 733 631 792; x_wconf 83' lang='lat' dir='ltr'><strong>dote</strong></span> <span class='ocrx_word' id='word_1_10' title='bbox 649 735 771 792; x_wconf 78' lang='lat' dir='ltr'><strong>vooivoa</strong></span> <span class='ocrx_word' id='word_1_11' title='bbox 791 734 887 804; x_wconf 71' lang='lat' dir='ltr'><strong>aenio,</strong></span> <span class='ocrx_word' id='word_1_12' title='bbox 908 731 982 791; x_wconf 83' lang='lat' dir='ltr'><strong>dnm</strong></span> <span class='ocrx_word' id='word_1_13' title='bbox 1003 731 1130 811; x_wconf 85' lang='lat' dir='ltr'><strong>eloquor.</strong></span> <span class='ocrx_word' id='word_1_14' title='bbox 1157 729 1273 792; x_wconf 85' lang='lat' dir='ltr'><strong>Lucret</strong></span> <span class='ocrx_word' id='word_1_15' title='bbox 1297 735 1326 808; x_wconf 91' lang='lat'><strong>1,</strong></span> <span class='ocrx_word' id='word_1_16' title='bbox 1348 731 1399 796; x_wconf 81' lang='grc'><strong>45.</strong></span> <span class='ocrx_word' id='word_1_17' title='bbox 1430 731 1505 790; x_wconf 75' lang='lat' dir='ltr'><strong>mitt</strong></span> 
     </span>
     <span class='ocr_line' id='line_1_3' title="bbox 367 829 1505 915; baseline -0.002 -19"><span class='ocrx_word' id='word_1_18' title='bbox 367 835 477 896; x_wconf 81' lang='lat' dir='ltr'><strong>adhibe</strong></span> <span class='ocrx_word' id='word_1_19' title='bbox 500 855 613 895; x_wconf 76' lang='lat' dir='ltr'><strong>vacuos</strong></span> <span class='ocrx_word' id='word_1_20' title='bbox 639 838 732 894; x_wconf 76' lang='lat' dir='ltr'><strong>aurio.</strong></span> <span class='ocrx_word' id='word_1_21' title='bbox 764 835 899 915; x_wconf 85' lang='lat' dir='ltr'><strong>Calpuru.</strong></span> <span class='ocrx_word' id='word_1_22' title='bbox 920 833 979 892; x_wconf 78' lang='lat' dir='ltr'><strong>uo.</strong></span> <span class='ocrx_word' id='word_1_23' title='bbox 1001 829 1040 910; x_wconf 82' lang='lat'><strong>4,</strong></span> <span class='ocrx_word' id='word_1_24' title='bbox 1063 831 1113 896; x_wconf 84' lang='lat'><strong>47.</strong></span> <span class='ocrx_word' id='word_1_25' title='bbox 1152 853 1213 890; x_wconf 82' lang='lat' dir='ltr'><strong>non</strong></span> <span class='ocrx_word' id='word_1_26' title='bbox 1238 835 1301 913; x_wconf 81' lang='lat' dir='ltr'><strong>ipse</strong></span> <span class='ocrx_word' id='word_1_27' title='bbox 1324 833 1411 893; x_wconf 79' lang='lat' dir='ltr'><strong>daret</strong></span> <span class='ocrx_word' id='word_1_28' title='bbox 1429 833 1505 894; x_wconf 70' lang='lat' dir='ltr'><strong>mita·</strong></span> 
     </span>
     <span class='ocr_line' id='line_1_4' title="bbox 359 933 1504 1019; baseline 0 -23"><span class='ocrx_word' id='word_1_29' title='bbox 359 940 495 1019; x_wconf 74' lang='lat' dir='ltr'><strong>forsitan</strong></span> <span class='ocrx_word' id='word_1_30' title='bbox 511 958 634 1010; x_wconf 83' lang='lat' dir='ltr'><strong>aurem,</strong></span> <span class='ocrx_word' id='word_1_31' title='bbox 655 937 722 1018; x_wconf 85' lang='lat' dir='ltr'><strong>lpse</strong></span> <span class='ocrx_word' id='word_1_32' title='bbox 742 937 833 1007; x_wconf 78' lang='lat' dir='ltr'><strong>dena,</strong></span> <span class='ocrx_word' id='word_1_33' title='bbox 856 955 994 994; x_wconf 63' lang='lat' dir='ltr'><strong>vanum.</strong></span> <span class='ocrx_word' id='word_1_34' title='bbox 1038 933 1140 1014; x_wconf 82' lang='lat' dir='ltr'>Neque</span> <span class='ocrx_word' id='word_1_35' title='bbox 1165 935 1228 994; x_wconf 85' lang='lat' dir='ltr'><strong>huic</strong></span> <span class='ocrx_word' id='word_1_36' title='bbox 1254 937 1429 1017; x_wconf 79' lang='lat' dir='ltr'><strong>explicationi</strong></span> <span class='ocrx_word' id='word_1_37' title='bbox 1450 939 1504 996; x_wconf 86' lang='lat' dir='ltr'><strong>ad·</strong></span> 
     </span>
     <span class='ocr_line' id='line_1_5' title="bbox 368 1037 1504 1119; baseline 0 -21"><span class='ocrx_word' id='word_1_38' title='bbox 368 1047 495 1102; x_wconf 80' lang='lat' dir='ltr'><strong>versatrrr</strong></span> <span class='ocrx_word' id='word_1_39' title='bbox 508 1039 715 1119; x_wconf 76' lang='lat' dir='ltr'><strong>permnloendi</strong></span> <span class='ocrx_word' id='word_1_40' title='bbox 730 1039 863 1116; x_wconf 80' lang='lat' dir='ltr'><strong>verbum,</strong></span> <span class='ocrx_word' id='word_1_41' title='bbox 886 1040 922 1096; x_wconf 89' lang='lat' dir='ltr'><strong>de</strong></span> <span class='ocrx_word' id='word_1_42' title='bbox 942 1057 999 1116; x_wconf 89' lang='lat' dir='ltr'><strong>quo</strong></span> <span class='ocrx_word' id='word_1_43' title='bbox 1017 1037 1081 1095; x_wconf 80' lang='lat' dir='ltr'><strong>vide</strong></span> <span class='ocrx_word' id='word_1_44' title='bbox 1102 1037 1232 1116; x_wconf 76' lang='lat' dir='ltr'><strong>Herzog.</strong></span> <span class='ocrx_word' id='word_1_45' title='bbox 1254 1039 1290 1096; x_wconf 79' lang='lat' dir='ltr'><strong>ad</strong></span> <span class='ocrx_word' id='word_1_46' title='bbox 1311 1037 1394 1098; x_wconf 80' lang='lat' dir='ltr'><strong>Caes.</strong></span> <span class='ocrx_word' id='word_1_47' title='bbox 1414 1041 1449 1099; x_wconf 90' lang='lat' dir='ltr'><strong>B.</strong></span> <span class='ocrx_word' id='word_1_48' title='bbox 1465 1038 1504 1099; x_wconf 77' lang='lat' dir='ltr'><strong>G.</strong></span> 
     </span>
     <span class='ocr_line' id='line_1_6' title="bbox 367 1138 1504 1220; baseline 0.001 -21"><span class='ocrx_word' id='word_1_49' title='bbox 367 1142 399 1220; x_wconf 74' lang='grc'><strong>4,</strong></span> <span class='ocrx_word' id='word_1_50' title='bbox 421 1145 464 1215; x_wconf 84' lang='grc'><strong>6,;</strong></span> <span class='ocrx_word' id='word_1_51' title='bbox 488 1142 557 1203; x_wconf 81' lang='lat' dir='ltr'><strong>Cor.</strong></span> <span class='ocrx_word' id='word_1_52' title='bbox 578 1143 758 1201; x_wconf 63' lang='lat' dir='ltr'><strong>Pannonius:</strong></span> <span class='ocrx_word' id='word_1_53' title='bbox 790 1159 895 1217; x_wconf 75' lang='lat' dir='ltr'><strong>„wenu</strong></span> <span class='ocrx_word' id='word_1_54' title='bbox 920 1159 952 1200; x_wconf 88' lang='lat' dir='ltr'><strong>er</strong></span> <span class='ocrx_word' id='word_1_55' title='bbox 978 1138 1129 1198; x_wconf 77' lang='lat' dir='ltr'><strong>unstriokt</strong></span> <span class='ocrx_word' id='word_1_56' title='bbox 1151 1138 1197 1196; x_wconf 90' lang='lat' dir='ltr'><strong>die</strong></span> <span class='ocrx_word' id='word_1_57' title='bbox 1221 1139 1384 1214; x_wconf 73' lang='lat' dir='ltr'><strong>geiffneten</strong></span> <span class='ocrx_word' id='word_1_58' title='bbox 1404 1141 1504 1200; x_wconf 83' lang='lat' dir='ltr'><strong>Ohreu</strong></span> 
     </span>
     <span class='ocr_line' id='line_1_7' title="bbox 366 1238 1503 1326; baseline -0.004 -20"><span class='ocrx_word' id='word_1_59' title='bbox 366 1245 417 1306; x_wconf 87' lang='lat' dir='ltr'><strong>mit</strong></span> <span class='ocrx_word' id='word_1_60' title='bbox 437 1244 558 1304; x_wconf 87' lang='lat' dir='ltr'><strong>derlei.“</strong></span> <span class='ocrx_word' id='word_1_61' title='bbox 588 1245 721 1305; x_wconf 87' lang='lat' dir='ltr'><strong>Ceterum</strong></span> <span class='ocrx_word' id='word_1_62' title='bbox 743 1241 821 1302; x_wconf 81' lang='lat' dir='ltr'><strong>bellu</strong></span> <span class='ocrx_word' id='word_1_63' title='bbox 834 1250 976 1322; x_wconf 78' lang='lat' dir='ltr'><strong>pugnato</strong></span> <span class='ocrx_word' id='word_1_64' title='bbox 994 1247 1026 1300; x_wconf 88' lang='lat' dir='ltr'><strong>ut</strong></span> <span class='ocrx_word' id='word_1_65' title='bbox 1044 1239 1156 1297; x_wconf 82' lang='lat' dir='ltr'><strong>bellum</strong></span> <span class='ocrx_word' id='word_1_66' title='bbox 1177 1238 1294 1300; x_wconf 68' lang='lat' dir='ltr'><strong>haume.</strong></span> <span class='ocrx_word' id='word_1_67' title='bbox 1314 1241 1378 1306; x_wconf 81' lang='lat' dir='ltr'><strong>Liv.</strong></span> <span class='ocrx_word' id='word_1_68' title='bbox 1397 1245 1431 1320; x_wconf 85' lang='lat'><strong>8,</strong></span> <span class='ocrx_word' id='word_1_69' title='bbox 1449 1243 1503 1326; x_wconf 82' lang='grc'><strong>89,</strong></span> 
     </span>
     <span class='ocr_line' id='line_1_8' title="bbox 368 1342 1502 1428; baseline -0.007 -17"><span class='ocrx_word' id='word_1_70' title='bbox 368 1349 417 1411; x_wconf 88' lang='grc'><strong>16.</strong></span> <span class='ocrx_word' id='word_1_71' title='bbox 448 1342 579 1426; x_wconf 74' lang='grc' dir='ltr'><strong><em>πολεμόν</em></strong></span> <span class='ocrx_word' id='word_1_72' title='bbox 600 1351 756 1428; x_wconf 75' lang='grc' dir='ltr'><strong><em>πολεμεῖν,</em></strong></span> <span class='ocrx_word' id='word_1_73' title='bbox 782 1345 900 1420; x_wconf 85' lang='lat' dir='ltr'><strong>similia,</strong></span> <span class='ocrx_word' id='word_1_74' title='bbox 928 1343 1087 1422; x_wconf 86' lang='lat' dir='ltr'><strong>dequibus</strong></span> <span class='ocrx_word' id='word_1_75' title='bbox 1109 1342 1254 1420; x_wconf 84' lang='lat' dir='ltr'><strong>disputant</strong></span> <span class='ocrx_word' id='word_1_76' title='bbox 1274 1342 1358 1403; x_wconf 82' lang='lat' dir='ltr'>Beier</span> <span class='ocrx_word' id='word_1_77' title='bbox 1382 1346 1419 1403; x_wconf 84' lang='lat' dir='ltr'><strong>nd</strong></span> <span class='ocrx_word' id='word_1_78' title='bbox 1440 1345 1502 1404; x_wconf 86' lang='lat' dir='ltr'><strong>Cio.</strong></span> 
     </span>
     <span class='ocr_line' id='line_1_9' title="bbox 367 1443 1501 1526; baseline -0.001 -19"><span class='ocrx_word' id='word_1_79' title='bbox 367 1447 453 1507; x_wconf 84' lang='lat' dir='ltr'><strong>Ollio.</strong></span> <span class='ocrx_word' id='word_1_80' title='bbox 475 1450 511 1524; x_wconf 89' lang='lat'><strong>1,</strong></span> <span class='ocrx_word' id='word_1_81' title='bbox 534 1451 590 1526; x_wconf 89' lang='lat'><strong>12,</strong></span> <span class='ocrx_word' id='word_1_82' title='bbox 609 1449 661 1512; x_wconf 84' lang='lat'><strong>38.</strong></span> <span class='ocrx_word' id='word_1_83' title='bbox 684 1469 712 1526; x_wconf 80' lang='lat' dir='ltr'><strong>p·</strong></span> <span class='ocrx_word' id='word_1_84' title='bbox 733 1446 785 1510; x_wconf 81' lang='lat'><strong>94.</strong></span> <span class='ocrx_word' id='word_1_85' title='bbox 813 1453 843 1506; x_wconf 92' lang='lat' dir='ltr'><strong>et</strong></span> <span class='ocrx_word' id='word_1_86' title='bbox 867 1445 1018 1506; x_wconf 85' lang='lat' dir='ltr'><strong>Paldamus</strong></span> <span class='ocrx_word' id='word_1_87' title='bbox 1040 1445 1070 1502; x_wconf 91' lang='lat' dir='ltr'><strong>in</strong></span> <span class='ocrx_word' id='word_1_88' title='bbox 1090 1443 1191 1502; x_wconf 86' lang='lat' dir='ltr'><strong>Zimm.</strong></span> <span class='ocrx_word' id='word_1_89' title='bbox 1219 1445 1408 1519; x_wconf 82' lang='lat' dir='ltr'><strong>„Zeiteolrrilt</strong></span> <span class='ocrx_word' id='word_1_90' title='bbox 1429 1448 1449 1504; x_wconf 83' lang='lat' dir='ltr'><strong>l.</strong></span> <span class='ocrx_word' id='word_1_91' title='bbox 1471 1447 1501 1507; x_wconf 91' lang='lat' dir='ltr'><strong>d.</strong></span> 
     </span>
     <span class='ocr_line' id='line_1_10' title="bbox 366 1545 1502 1628; baseline 0.002 -21"><span class='ocrx_word' id='word_1_92' title='bbox 366 1545 582 1609; x_wconf 61' lang='lat' dir='ltr'><strong>Alterthmstvf‘</strong></span> <span class='ocrx_word' id='word_1_93' title='bbox 609 1549 701 1612; x_wconf 89' lang='grc'><strong>1888.</strong></span> <span class='ocrx_word' id='word_1_94' title='bbox 729 1567 760 1628; x_wconf 84' lang='lat' dir='ltr'><strong>p·</strong></span> <span class='ocrx_word' id='word_1_95' title='bbox 784 1547 876 1613; x_wconf 85' lang='lat'>1224.</span> <span class='ocrx_word' id='word_1_96' title='bbox 910 1548 975 1607; x_wconf 86' lang='lat' dir='ltr'><strong>coll.</strong></span> <span class='ocrx_word' id='word_1_97' title='bbox 1002 1545 1104 1606; x_wconf 87' lang='lat' dir='ltr'><strong>Lamb.</strong></span> <span class='ocrx_word' id='word_1_98' title='bbox 1132 1545 1170 1604; x_wconf 90' lang='lat' dir='ltr'><strong>ad</strong></span> <span class='ocrx_word' id='word_1_99' title='bbox 1192 1545 1248 1606; x_wconf 89' lang='lat' dir='ltr'><strong>Od.</strong></span> <span class='ocrx_word' id='word_1_100' title='bbox 1276 1549 1312 1625; x_wconf 90' lang='grc'><strong>2,</strong></span> <span class='ocrx_word' id='word_1_101' title='bbox 1333 1550 1369 1621; x_wconf 91' lang='grc'><strong>6,</strong></span> <span class='ocrx_word' id='word_1_102' title='bbox 1391 1550 1442 1612; x_wconf 89' lang='grc'><strong>11.</strong></span> <span class='ocrx_word' id='word_1_103' title='bbox 1471 1555 1502 1609; x_wconf 89' lang='lat' dir='ltr'><strong>et</strong></span> 
     </span>
     <span class='ocr_line' id='line_1_11' title="bbox 365 1647 1499 1730; baseline 0.001 -20"><span class='ocrx_word' id='word_1_104' title='bbox 365 1651 453 1710; x_wconf 80' lang='lat' dir='ltr'><strong>Jacob</strong></span> <span class='ocrx_word' id='word_1_105' title='bbox 479 1653 516 1710; x_wconf 86' lang='lat' dir='ltr'><strong>ad</strong></span> <span class='ocrx_word' id='word_1_106' title='bbox 541 1650 659 1711; x_wconf 86' lang='lat' dir='ltr'><strong>Luoion.</strong></span> <span class='ocrx_word' id='word_1_107' title='bbox 681 1649 787 1715; x_wconf 83' lang='lat' dir='ltr'><strong>Toxar.</strong></span> <span class='ocrx_word' id='word_1_108' title='bbox 808 1670 838 1728; x_wconf 90' lang='lat' dir='ltr'><strong>p.</strong></span> <span class='ocrx_word' id='word_1_109' title='bbox 863 1649 934 1712; x_wconf 87' lang='lat'><strong>155.</strong></span> <span class='ocrx_word' id='word_1_110' title='bbox 963 1683 1006 1696; x_wconf 82' lang='lat'><strong>—·</strong></span> <span class='ocrx_word' id='word_1_111' title='bbox 1032 1649 1068 1708; x_wconf 86' lang='lat' dir='ltr'><strong>V.</strong></span> <span class='ocrx_word' id='word_1_112' title='bbox 1091 1651 1141 1714; x_wconf 90' lang='grc'><strong>28.</strong></span> <span class='ocrx_word' id='word_1_113' title='bbox 1174 1647 1277 1706; x_wconf 72' lang='lat' dir='ltr'><strong>Servat</strong></span> <span class='ocrx_word' id='word_1_114' title='bbox 1296 1651 1328 1708; x_wconf 82' lang='lat' dir='ltr'><strong>in</strong></span> <span class='ocrx_word' id='word_1_115' title='bbox 1348 1648 1499 1730; x_wconf 80' lang='lat' dir='ltr'><strong>ambiguo.</strong></span> 
     </span>
     <span class='ocr_line' id='line_1_12' title="bbox 366 1749 1501 1830; baseline 0.002 -19"><span class='ocrx_word' id='word_1_116' title='bbox 366 1752 422 1822; x_wconf 86' lang='lat' dir='ltr'><strong>Qui</strong></span> <span class='ocrx_word' id='word_1_117' title='bbox 443 1752 514 1811; x_wconf 84' lang='lat' dir='ltr'><strong>haec</strong></span> <span class='ocrx_word' id='word_1_118' title='bbox 533 1753 621 1813; x_wconf 84' lang='lat' dir='ltr'><strong>verba</strong></span> <span class='ocrx_word' id='word_1_119' title='bbox 646 1773 709 1812; x_wconf 85' lang='lat' dir='ltr'><strong>oum</strong></span> <span class='ocrx_word' id='word_1_120' title='bbox 737 1752 887 1810; x_wconf 80' lang='lat' dir='ltr'><strong>Torrentio</strong></span> <span class='ocrx_word' id='word_1_121' title='bbox 915 1751 951 1808; x_wconf 86' lang='lat' dir='ltr'><strong>ad</strong></span> <span class='ocrx_word' id='word_1_122' title='bbox 975 1751 1149 1810; x_wconf 87' lang='lat' dir='ltr'><strong>Graecorum</strong></span> <span class='ocrx_word' id='word_1_123' title='bbox 1172 1749 1501 1830; x_wconf 66' lang='lat' dir='ltr'><strong>looddoulov&#39;refernnt</strong></span> 
     </span>
     <span class='ocr_line' id='line_1_13' title="bbox 366 1851 1501 1935; baseline 0.001 -23"><span class='ocrx_word' id='word_1_124' title='bbox 366 1861 397 1912; x_wconf 90' lang='lat' dir='ltr'><strong>et</strong></span> <span class='ocrx_word' id='word_1_125' title='bbox 416 1855 454 1914; x_wconf 89' lang='lat' dir='ltr'><strong>ad</strong></span> <span class='ocrx_word' id='word_1_126' title='bbox 472 1862 600 1915; x_wconf 80' lang='lat' dir='ltr'><strong>veterum</strong></span> <span class='ocrx_word' id='word_1_127' title='bbox 618 1857 787 1935; x_wconf 85' lang='lat' dir='ltr'><strong>opinionem,</strong></span> <span class='ocrx_word' id='word_1_128' title='bbox 808 1866 865 1930; x_wconf 85' lang='lat' dir='ltr'><strong>qua</strong></span> <span class='ocrx_word' id='word_1_129' title='bbox 881 1853 981 1912; x_wconf 80' lang='lat' dir='ltr'><strong>Juvem</strong></span> <span class='ocrx_word' id='word_1_130' title='bbox 995 1873 1040 1913; x_wconf 86' lang='lat' dir='ltr'><strong>rea</strong></span> <span class='ocrx_word' id='word_1_131' title='bbox 1059 1851 1216 1911; x_wconf 84' lang='lat' dir='ltr'><strong>mortalium</strong></span> <span class='ocrx_word' id='word_1_132' title='bbox 1234 1855 1262 1912; x_wconf 91' lang='lat' dir='ltr'><strong>in</strong></span> <span class='ocrx_word' id='word_1_133' title='bbox 1276 1855 1383 1912; x_wconf 85' lang='lat' dir='ltr'><strong>trutina</strong></span> <span class='ocrx_word' id='word_1_134' title='bbox 1395 1873 1501 1932; x_wconf 85' lang='lat' dir='ltr'><strong>ponere</strong></span> 
     </span>
     <span class='ocr_line' id='line_1_14' title="bbox 366 1953 1500 2036; baseline 0 -20"><span class='ocrx_word' id='word_1_135' title='bbox 366 1961 395 2016; x_wconf 88' lang='lat' dir='ltr'><strong>et</strong></span> <span class='ocrx_word' id='word_1_136' title='bbox 415 1956 500 2017; x_wconf 86' lang='lat' dir='ltr'><strong>veluti</strong></span> <span class='ocrx_word' id='word_1_137' title='bbox 520 1956 592 2016; x_wconf 84' lang='lat' dir='ltr'><strong>libra</strong></span> <span class='ocrx_word' id='word_1_138' title='bbox 617 1958 737 2035; x_wconf 85' lang='lat' dir='ltr'><strong>quadam</strong></span> <span class='ocrx_word' id='word_1_139' title='bbox 760 1957 906 2036; x_wconf 72' lang='lat' dir='ltr'><strong>pensitare</strong></span> <span class='ocrx_word' id='word_1_140' title='bbox 932 1955 1116 2030; x_wconf 86' lang='lat' dir='ltr'><strong>crediderint,</strong></span> <span class='ocrx_word' id='word_1_141' title='bbox 1140 1955 1160 2012; x_wconf 94' lang='lat' dir='ltr'><strong>ii</strong></span> <span class='ocrx_word' id='word_1_142' title='bbox 1180 1953 1253 2014; x_wconf 87' lang='lat' dir='ltr'><strong>haud</strong></span> <span class='ocrx_word' id='word_1_143' title='bbox 1277 1957 1336 2016; x_wconf 84' lang='lat' dir='ltr'><strong>scio</strong></span> <span class='ocrx_word' id='word_1_144' title='bbox 1358 1975 1394 2015; x_wconf 86' lang='lat' dir='ltr'><strong>an</strong></span> <span class='ocrx_word' id='word_1_145' title='bbox 1416 1957 1500 2036; x_wconf 88' lang='lat' dir='ltr'><strong>paulo</strong></span> 
     </span>
     <span class='ocr_line' id='line_1_15' title="bbox 365 2056 1501 2136; baseline 0 -18"><span class='ocrx_word' id='word_1_146' title='bbox 365 2061 472 2120; x_wconf 80' lang='lat' dir='ltr'><strong>acutius</strong></span> <span class='ocrx_word' id='word_1_147' title='bbox 492 2059 617 2124; x_wconf 83' lang='lat' dir='ltr'><strong>videant.</strong></span> <span class='ocrx_word' id='word_1_148' title='bbox 657 2061 726 2121; x_wconf 91' lang='lat' dir='ltr'><strong>Non</strong></span> <span class='ocrx_word' id='word_1_149' title='bbox 752 2059 813 2118; x_wconf 82' lang='lat' dir='ltr'><strong>sine</strong></span> <span class='ocrx_word' id='word_1_150' title='bbox 840 2057 866 2114; x_wconf 86' lang='lat' dir='ltr'><strong>vi</strong></span> <span class='ocrx_word' id='word_1_151' title='bbox 893 2061 987 2117; x_wconf 85' lang='lat' dir='ltr'><strong>autem</strong></span> <span class='ocrx_word' id='word_1_152' title='bbox 1013 2056 1191 2134; x_wconf 74' lang='lat' dir='ltr'><strong>Subiectum,</strong></span> <span class='ocrx_word' id='word_1_153' title='bbox 1218 2057 1236 2116; x_wconf 92' lang='lat' dir='ltr'><strong>i.</strong></span> <span class='ocrx_word' id='word_1_154' title='bbox 1257 2078 1284 2114; x_wconf 88' lang='lat' dir='ltr'><strong>e.</strong></span> <span class='ocrx_word' id='word_1_155' title='bbox 1306 2058 1443 2136; x_wconf 79' lang='lat' dir='ltr'><strong>Iupiter,</strong></span> <span class='ocrx_word' id='word_1_156' title='bbox 1471 2059 1501 2118; x_wconf 92' lang='lat' dir='ltr'><strong>in</strong></span> 
     </span>
     <span class='ocr_line' id='line_1_16' title="bbox 365 2154 1498 2240; baseline 0.003 -19"><span class='ocrx_word' id='word_1_157' title='bbox 365 2161 422 2222; x_wconf 86' lang='lat' dir='ltr'><strong>line</strong></span> <span class='ocrx_word' id='word_1_158' title='bbox 450 2161 574 2240; x_wconf 88' lang='lat' dir='ltr'><strong>positum</strong></span> <span class='ocrx_word' id='word_1_159' title='bbox 605 2167 650 2221; x_wconf 85' lang='lat' dir='ltr'><strong>eat</strong></span> <span class='ocrx_word' id='word_1_160' title='bbox 675 2168 708 2220; x_wconf 90' lang='lat' dir='ltr'><strong>ut</strong></span> <span class='ocrx_word' id='word_1_161' title='bbox 734 2160 793 2219; x_wconf 87' lang='lat' dir='ltr'><strong>Od.</strong></span> <span class='ocrx_word' id='word_1_162' title='bbox 815 2154 853 2234; x_wconf 79' lang='lat'><strong>4,</strong></span> <span class='ocrx_word' id='word_1_163' title='bbox 876 2159 915 2235; x_wconf 88' lang='lat'><strong>9,</strong></span> <span class='ocrx_word' id='word_1_164' title='bbox 943 2161 992 2221; x_wconf 89' lang='lat'><strong>16.</strong></span> <span class='ocrx_word' id='word_1_165' title='bbox 1022 2159 1058 2219; x_wconf 79' lang='lat' dir='ltr'><strong>A.</strong></span> <span class='ocrx_word' id='word_1_166' title='bbox 1085 2159 1118 2222; x_wconf 89' lang='lat' dir='ltr'><strong>P.</strong></span> <span class='ocrx_word' id='word_1_167' title='bbox 1145 2157 1218 2223; x_wconf 92' lang='grc'><strong>891.</strong></span> <span class='ocrx_word' id='word_1_168' title='bbox 1243 2161 1295 2225; x_wconf 79' lang='grc'><strong>92.</strong></span> <span class='ocrx_word' id='word_1_169' title='bbox 1326 2193 1362 2206; x_wconf 81' lang='lat'>—</span> <span class='ocrx_word' id='word_1_170' title='bbox 1392 2161 1427 2226; x_wconf 85' lang='lat' dir='ltr'><strong>V.</strong></span> <span class='ocrx_word' id='word_1_171' title='bbox 1448 2162 1498 2224; x_wconf 93' lang='grc'><strong>81.</strong></span> 
     </span>
     <span class='ocr_line' id='line_1_17' title="bbox 366 2259 1500 2342; baseline 0.003 -22"><span class='ocrx_word' id='word_1_172' title='bbox 366 2263 575 2342; x_wconf 73' lang='lat' dir='ltr'><strong>Respondoeua</strong></span> <span class='ocrx_word' id='word_1_173' title='bbox 594 2295 637 2308; x_wconf 92' lang='lat'><strong>—-</strong></span> <span class='ocrx_word' id='word_1_174' title='bbox 657 2259 797 2319; x_wconf 78' lang='lat' dir='ltr'><strong>nomine?</strong></span> <span class='ocrx_word' id='word_1_175' title='bbox 832 2260 851 2317; x_wconf 87' lang='grc' dir='ltr'><strong>ἰ.</strong></span> <span class='ocrx_word' id='word_1_176' title='bbox 873 2279 898 2318; x_wconf 92' lang='lat' dir='ltr'><strong>e.</strong></span> <span class='ocrx_word' id='word_1_177' title='bbox 925 2279 1020 2336; x_wconf 87' lang='lat' dir='ltr'><strong>„num</strong></span> <span class='ocrx_word' id='word_1_178' title='bbox 1048 2281 1114 2322; x_wconf 83' lang='lat' dir='ltr'><strong>rere</strong></span> <span class='ocrx_word' id='word_1_179' title='bbox 1142 2268 1172 2322; x_wconf 90' lang='lat' dir='ltr'><strong>te</strong></span> <span class='ocrx_word' id='word_1_180' title='bbox 1199 2262 1284 2320; x_wconf 87' lang='lat' dir='ltr'><strong>talem</strong></span> <span class='ocrx_word' id='word_1_181' title='bbox 1312 2283 1378 2324; x_wconf 84' lang='lat' dir='ltr'><strong>esse</strong></span> <span class='ocrx_word' id='word_1_182' title='bbox 1404 2271 1500 2342; x_wconf 82' lang='lat' dir='ltr'><strong>putas,</strong></span> 
     </span>
     <span class='ocr_line' id='line_1_18' title="bbox 366 2361 1501 2442; baseline -0.001 -21"><span class='ocrx_word' id='word_1_183' title='bbox 366 2365 456 2441; x_wconf 83' lang='lat' dir='ltr'><strong>qualis</strong></span> <span class='ocrx_word' id='word_1_184' title='bbox 479 2365 597 2440; x_wconf 87' lang='lat' dir='ltr'><strong>diceris,</strong></span> <span class='ocrx_word' id='word_1_185' title='bbox 620 2383 657 2421; x_wconf 89' lang='lat' dir='ltr'><strong>an</strong></span> <span class='ocrx_word' id='word_1_186' title='bbox 676 2395 713 2408; x_wconf 89' lang='lat'>—</span> <span class='ocrx_word' id='word_1_187' title='bbox 736 2363 831 2442; x_wconf 92' lang='lat' dir='ltr'><strong>(quod</strong></span> <span class='ocrx_word' id='word_1_188' title='bbox 852 2361 934 2420; x_wconf 80' lang='lat' dir='ltr'><strong>facile</strong></span> <span class='ocrx_word' id='word_1_189' title='bbox 958 2381 991 2421; x_wconf 87' lang='lat' dir='ltr'><strong>ex</strong></span> <span class='ocrx_word' id='word_1_190' title='bbox 1011 2362 1099 2421; x_wconf 79' lang='lat' dir='ltr'><strong>verbo</strong></span> <span class='ocrx_word' id='word_1_191' title='bbox 1112 2365 1229 2441; x_wconf 80' lang='lat' dir='ltr'><strong>poteris</strong></span> <span class='ocrx_word' id='word_1_192' title='bbox 1249 2367 1279 2422; x_wconf 90' lang='lat' dir='ltr'><strong>et</strong></span> <span class='ocrx_word' id='word_1_193' title='bbox 1294 2383 1321 2422; x_wconf 87' lang='lat' dir='ltr'><strong>v.</strong></span> <span class='ocrx_word' id='word_1_194' title='bbox 1340 2366 1389 2428; x_wconf 84' lang='grc'><strong>32,</strong></span> <span class='ocrx_word' id='word_1_195' title='bbox 1412 2366 1501 2425; x_wconf 86' lang='lat' dir='ltr'><strong>effici-</strong></span> 
     </span>
     <span class='ocr_line' id='line_1_19' title="bbox 365 2463 1500 2545; baseline 0.002 -21"><span class='ocrx_word' id='word_1_196' title='bbox 365 2467 424 2545; x_wconf 85' lang='lat' dir='ltr'>tur)</span> <span class='ocrx_word' id='word_1_197' title='bbox 444 2485 480 2525; x_wconf 90' lang='lat' dir='ltr'><strong>ea</strong></span> <span class='ocrx_word' id='word_1_198' title='bbox 498 2465 582 2525; x_wconf 87' lang='lat' dir='ltr'><strong>laude</strong></span> <span class='ocrx_word' id='word_1_199' title='bbox 601 2465 795 2523; x_wconf 81' lang='lat' dir='ltr'><strong>tantummodo</strong></span> <span class='ocrx_word' id='word_1_200' title='bbox 814 2463 1014 2524; x_wconf 80' lang='lat' dir='ltr'><strong>delectas-isl“</strong></span> <span class='ocrx_word' id='word_1_201' title='bbox 1034 2463 1169 2523; x_wconf 85' lang='lat' dir='ltr'><strong>Similiter</strong></span> <span class='ocrx_word' id='word_1_202' title='bbox 1188 2465 1250 2524; x_wconf 81' lang='lat' dir='ltr'><strong>Sat.</strong></span> <span class='ocrx_word' id='word_1_203' title='bbox 1270 2467 1300 2542; x_wconf 87' lang='grc'><strong>2,</strong></span> <span class='ocrx_word' id='word_1_204' title='bbox 1316 2467 1348 2541; x_wconf 88' lang='grc'><strong>7,</strong></span> <span class='ocrx_word' id='word_1_205' title='bbox 1366 2467 1500 2531; x_wconf 80' lang='grc'><strong>88-89.</strong></span> 
     </span>
     <span class='ocr_line' id='line_1_20' title="bbox 369 2565 1503 2648; baseline 0.004 -23"><span class='ocrx_word' id='word_1_206' title='bbox 369 2567 497 2644; x_wconf 80' lang='lat' dir='ltr'><strong>Sapiens</strong></span> <span class='ocrx_word' id='word_1_207' title='bbox 516 2565 576 2624; x_wconf 82' lang='lat' dir='ltr'><strong>eibi</strong></span> <span class='ocrx_word' id='word_1_208' title='bbox 595 2567 648 2644; x_wconf 85' lang='lat' dir='ltr'><strong>qui</strong></span> <span class='ocrx_word' id='word_1_209' title='bbox 669 2567 843 2644; x_wconf 64' lang='lat' dir='ltr'><strong>nnpwiosm</strong></span> <span class='ocrx_word' id='word_1_210' title='bbox 858 2599 901 2612; x_wconf 90' lang='lat'><em>-</em></span> <span class='ocrx_word' id='word_1_211' title='bbox 921 2565 1047 2626; x_wconf 80' lang='lat' dir='ltr'><strong>Potesne</strong></span> <span class='ocrx_word' id='word_1_212' title='bbox 1066 2567 1116 2623; x_wconf 77' lang='lat' dir='ltr'><strong>Et·</strong></span> <span class='ocrx_word' id='word_1_213' title='bbox 1135 2565 1183 2624; x_wconf 79' lang='lat' dir='ltr'><strong>hia</strong></span> <span class='ocrx_word' id='word_1_214' title='bbox 1203 2577 1237 2624; x_wconf 84' lang='lat' dir='ltr'><strong>ut</strong></span> <span class='ocrx_word' id='word_1_215' title='bbox 1252 2569 1407 2645; x_wconf 77' lang='lat' dir='ltr'><strong>proprium</strong></span> <span class='ocrx_word' id='word_1_216' title='bbox 1426 2571 1503 2648; x_wconf 77' lang='lat' dir='ltr'><strong>qnid</strong></span> 
     </span>
     <span class='ocr_line' id='line_1_21' title="bbox 365 2649 1499 2747; baseline 0.003 -19"><span class='ocrx_word' id='word_1_217' title='bbox 365 2649 603 2729; x_wconf 75' lang='lat' dir='ltr'><strong>noscerei&#39;Nuu</strong></span> <span class='ocrx_word' id='word_1_218' title='bbox 629 2668 714 2746; x_wconf 84' lang='lat' dir='ltr'><strong>igitur</strong></span> <span class='ocrx_word' id='word_1_219' title='bbox 739 2669 830 2727; x_wconf 89' lang='lat' dir='ltr'><strong>sensit</strong></span> <span class='ocrx_word' id='word_1_220' title='bbox 853 2685 968 2728; x_wconf 79' lang='lat' dir='ltr'><strong>aeirmen</strong></span> <span class='ocrx_word' id='word_1_221' title='bbox 994 2669 1049 2728; x_wconf 88' lang='lat' dir='ltr'><strong>loei</strong></span> <span class='ocrx_word' id='word_1_222' title='bbox 1074 2665 1232 2739; x_wconf 76' lang='lat' dir='ltr'><strong>Diintaer,</strong></span> <span class='ocrx_word' id='word_1_223' title='bbox 1259 2688 1343 2747; x_wconf 90' lang='lat' dir='ltr'><strong>quum</strong></span> <span class='ocrx_word' id='word_1_224' title='bbox 1369 2671 1499 2731; x_wconf 85' lang='lat' dir='ltr'><strong>adderet:</strong></span> 
     </span>
     <span class='ocr_line' id='line_1_22' title="bbox 366 2767 1500 2849; baseline 0.002 -19"><span class='ocrx_word' id='word_1_225' title='bbox 366 2771 495 2849; x_wconf 82' lang='lat' dir='ltr'><strong>„Wolser</strong></span> <span class='ocrx_word' id='word_1_226' title='bbox 512 2772 609 2831; x_wconf 80' lang='lat' dir='ltr'><strong>weisst</strong></span> <span class='ocrx_word' id='word_1_227' title='bbox 629 2769 678 2847; x_wconf 91' lang='lat' dir='ltr'><strong>du,</strong></span> <span class='ocrx_word' id='word_1_228' title='bbox 700 2770 767 2828; x_wconf 85' lang='lat' dir='ltr'><strong>dass</strong></span> <span class='ocrx_word' id='word_1_229' title='bbox 788 2789 819 2830; x_wconf 84' lang='lat' dir='ltr'><strong>es</strong></span> <span class='ocrx_word' id='word_1_230' title='bbox 840 2769 925 2830; x_wconf 82' lang='lat' dir='ltr'><strong>keine</strong></span> <span class='ocrx_word' id='word_1_231' title='bbox 945 2767 1145 2830; x_wconf 80' lang='lat' dir='ltr'><strong>Sohmeiclrelei</strong></span> <span class='ocrx_word' id='word_1_232' title='bbox 1165 2769 1248 2832; x_wconf 78' lang='lat' dir='ltr'><strong>istl“</strong></span> <span class='ocrx_word' id='word_1_233' title='bbox 1272 2770 1350 2830; x_wconf 83' lang='lat' dir='ltr'><strong>Idem</strong></span> <span class='ocrx_word' id='word_1_234' title='bbox 1363 2772 1434 2830; x_wconf 90' lang='lat' dir='ltr'><strong>mira</strong></span> <span class='ocrx_word' id='word_1_235' title='bbox 1446 2793 1500 2832; x_wconf 91' lang='lat' dir='ltr'><strong>no·</strong></span> 
     </span>
     <span class='ocr_line' id='line_1_23' title="bbox 363 2857 1500 2952; baseline 0.003 -20"><span class='ocrx_word' id='word_1_236' title='bbox 363 2857 452 2934; x_wconf 59' lang='lat' dir='ltr'><strong>&#39;ritate</strong></span> <span class='ocrx_word' id='word_1_237' title='bbox 480 2872 638 2932; x_wconf 81' lang='lat' dir='ltr'><strong>formulam:</strong></span> <span class='ocrx_word' id='word_1_238' title='bbox 669 2871 842 2950; x_wconf 75' lang='lat' dir='ltr'><strong>respondere</strong></span> <span class='ocrx_word' id='word_1_239' title='bbox 867 2891 921 2930; x_wconf 83' lang='lat' dir='ltr'><strong>eno</strong></span> <span class='ocrx_word' id='word_1_240' title='bbox 945 2873 1082 2943; x_wconf 81' lang='lat' dir='ltr'><strong>nomine,</strong></span> <span class='ocrx_word' id='word_1_241' title='bbox 1109 2871 1242 2952; x_wconf 74' lang='lat' dir='ltr'><strong>explieat:</strong></span> <span class='ocrx_word' id='word_1_242' title='bbox 1272 2875 1311 2932; x_wconf 87' lang='lat' dir='ltr'><strong>ita</strong></span> <span class='ocrx_word' id='word_1_243' title='bbox 1334 2875 1438 2935; x_wconf 83' lang='lat' dir='ltr'><strong>dicenti</strong></span> <span class='ocrx_word' id='word_1_244' title='bbox 1466 2895 1500 2935; x_wconf 87' lang='lat' dir='ltr'><strong>ae</strong></span> 
     </span>
     <span class='ocr_line' id='line_1_24' title="bbox 365 2973 1499 3054; baseline 0.004 -20"><span class='ocrx_word' id='word_1_245' title='bbox 365 2976 491 3036; x_wconf 73' lang='lat' dir='ltr'><strong>laudanti</strong></span> <span class='ocrx_word' id='word_1_246' title='bbox 512 2977 618 3054; x_wconf 83' lang='lat' dir='ltr'><strong>gratias</strong></span> <span class='ocrx_word' id='word_1_247' title='bbox 648 2993 742 3052; x_wconf 81' lang='lat' dir='ltr'><strong>agere.</strong></span> <span class='ocrx_word' id='word_1_248' title='bbox 786 2973 1003 3053; x_wconf 73' lang='lat' dir='ltr'><strong>„Respondete</strong></span> <span class='ocrx_word' id='word_1_249' title='bbox 1029 2977 1067 3034; x_wconf 88' lang='lat' dir='ltr'><strong>ist</strong></span> <span class='ocrx_word' id='word_1_250' title='bbox 1094 2974 1155 3034; x_wconf 87' lang='lat' dir='ltr'><strong>hier</strong></span> <span class='ocrx_word' id='word_1_251' title='bbox 1181 2976 1233 3033; x_wconf 87' lang='lat' dir='ltr'><strong>der</strong></span> <span class='ocrx_word' id='word_1_252' title='bbox 1254 2976 1416 3053; x_wconf 78' lang='lat' dir='ltr'><strong>Gegensatz</strong></span> <span class='ocrx_word' id='word_1_253' title='bbox 1436 2999 1499 3038; x_wconf 78' lang='lat' dir='ltr'><strong>zum</strong></span> 
     </span>
     <span class='ocr_line' id='line_1_25' title="bbox 364 3075 1500 3155; baseline 0.002 -18"><span class='ocrx_word' id='word_1_254' title='bbox 364 3077 512 3137; x_wconf 82' lang='lat' dir='ltr'><strong>Ablelrnen</strong></span> <span class='ocrx_word' id='word_1_255' title='bbox 539 3079 590 3136; x_wconf 84' lang='lat' dir='ltr'><strong>des</strong></span> <span class='ocrx_word' id='word_1_256' title='bbox 621 3075 718 3136; x_wconf 81' lang='lat' dir='ltr'><strong>Labeo</strong></span> <span class='ocrx_word' id='word_1_257' title='bbox 749 3075 883 3155; x_wconf 78' lang='lat' dir='ltr'><strong>(Augusti</strong></span> <span class='ocrx_word' id='word_1_258' title='bbox 903 3076 1030 3155; x_wconf 86' lang='lat' dir='ltr'><strong>laudes);</strong></span> <span class='ocrx_word' id='word_1_259' title='bbox 1062 3077 1114 3136; x_wconf 89' lang='lat' dir='ltr'><strong>der</strong></span> <span class='ocrx_word' id='word_1_260' title='bbox 1141 3076 1266 3136; x_wconf 83' lang='lat' dir='ltr'><strong>Gelobte</strong></span> <span class='ocrx_word' id='word_1_261' title='bbox 1293 3081 1443 3139; x_wconf 84' lang='lat' dir='ltr'><strong>erwiedert</strong></span> <span class='ocrx_word' id='word_1_262' title='bbox 1471 3082 1500 3139; x_wconf 87' lang='lat' dir='ltr'><strong>in</strong></span> 
     </span>
     <span class='ocr_line' id='line_1_26' title="bbox 364 3178 1500 3258; baseline 0.003 -20"><span class='ocrx_word' id='word_1_263' title='bbox 364 3181 471 3238; x_wconf 80' lang='lat' dir='ltr'><strong>aeiuem</strong></span> <span class='ocrx_word' id='word_1_264' title='bbox 492 3179 618 3240; x_wconf 83' lang='lat' dir='ltr'><strong>Numen:</strong></span> <span class='ocrx_word' id='word_1_265' title='bbox 648 3178 747 3258; x_wconf 85' lang='lat' dir='ltr'><strong>„„leh</strong></span> <span class='ocrx_word' id='word_1_266' title='bbox 766 3179 858 3239; x_wconf 86' lang='lat' dir='ltr'><strong>danke</strong></span> <span class='ocrx_word' id='word_1_267' title='bbox 879 3179 963 3239; x_wconf 85' lang='lat' dir='ltr'><strong>ihuen</strong></span> <span class='ocrx_word' id='word_1_268' title='bbox 984 3179 1049 3239; x_wconf 86' lang='lat' dir='ltr'><strong>sehr</strong></span> <span class='ocrx_word' id='word_1_269' title='bbox 1069 3179 1220 3254; x_wconf 85' lang='lat' dir='ltr'><strong>daiir,““</strong></span> <span class='ocrx_word' id='word_1_270' title='bbox 1241 3180 1375 3239; x_wconf 77' lang='lat' dir='ltr'><strong>wodurclu</strong></span> <span class='ocrx_word' id='word_1_271' title='bbox 1396 3201 1429 3240; x_wconf 90' lang='lat' dir='ltr'><strong>er</strong></span> <span class='ocrx_word' id='word_1_272' title='bbox 1448 3182 1500 3240; x_wconf 84' lang='lat' dir='ltr'><strong>das</strong></span> 
     </span>
     <span class='ocr_line' id='line_1_27' title="bbox 365 3277 1501 3364; baseline 0.004 -26"><span class='ocrx_word' id='word_1_273' title='bbox 365 3299 456 3356; x_wconf 75' lang='lat' dir='ltr'><strong>ganne</strong></span> <span class='ocrx_word' id='word_1_274' title='bbox 478 3277 543 3339; x_wconf 90' lang='lat' dir='ltr'><strong>Lob</strong></span> <span class='ocrx_word' id='word_1_275' title='bbox 563 3283 731 3340; x_wconf 88' lang='lat' dir='ltr'><strong>annimmt.“</strong></span> <span class='ocrx_word' id='word_1_276' title='bbox 773 3281 932 3343; x_wconf 77' lang='lat' dir='ltr'><strong>Monstrum</strong></span> <span class='ocrx_word' id='word_1_277' title='bbox 950 3281 1092 3362; x_wconf 86' lang='lat' dir='ltr'><strong>approbat</strong></span> <span class='ocrx_word' id='word_1_278' title='bbox 1112 3278 1338 3358; x_wconf 78' lang='lat' dir='ltr'><strong>Dr&#39;llenbnrger.</strong></span> <span class='ocrx_word' id='word_1_279' title='bbox 1369 3281 1460 3342; x_wconf 84' lang='lat' dir='ltr'><strong>Recte</strong></span> <span class='ocrx_word' id='word_1_280' title='bbox 1470 3283 1501 3364; x_wconf 83' lang='grc'><strong>*)</strong></span> 
     </span>
     <span class='ocr_line' id='line_1_28' title="bbox 369 3381 1501 3463; baseline 0.004 -24"><span class='ocrx_word' id='word_1_281' title='bbox 369 3381 541 3440; x_wconf 73' lang='lat' dir='ltr'><strong>Schmidiua</strong></span> <span class='ocrx_word' id='word_1_282' title='bbox 567 3383 738 3442; x_wconf 79' lang='lat' dir='ltr'><strong>locutionem</strong></span> <span class='ocrx_word' id='word_1_283' title='bbox 759 3401 777 3441; x_wconf 80' lang='lat' dir='ltr'><strong>a</strong></span> <span class='ocrx_word' id='word_1_284' title='bbox 797 3385 912 3461; x_wconf 86' lang='lat' dir='ltr'><strong>militia,</strong></span> <span class='ocrx_word' id='word_1_285' title='bbox 940 3404 995 3463; x_wconf 89' lang='lat' dir='ltr'><strong>qua</strong></span> <span class='ocrx_word' id='word_1_286' title='bbox 1013 3383 1116 3444; x_wconf 83' lang='lat' dir='ltr'><strong>milites</strong></span> <span class='ocrx_word' id='word_1_287' title='bbox 1136 3382 1181 3440; x_wconf 81' lang='lat' dir='ltr'><strong>od</strong></span> <span class='ocrx_word' id='word_1_288' title='bbox 1198 3384 1321 3440; x_wconf 85' lang='lat' dir='ltr'><strong>nomina</strong></span> <span class='ocrx_word' id='word_1_289' title='bbox 1342 3384 1501 3462; x_wconf 77' lang='lat' dir='ltr'><strong>responde·</strong></span> 
     </span>
     <span class='ocr_line' id='line_1_29' title="bbox 365 3480 1500 3566; baseline 0.007 -28"><span class='ocrx_word' id='word_1_290' title='bbox 365 3480 458 3552; x_wconf 81' lang='lat' dir='ltr'><strong>bont,</strong></span> <span class='ocrx_word' id='word_1_291' title='bbox 479 3485 591 3542; x_wconf 88' lang='lat' dir='ltr'><strong>ductum</strong></span> <span class='ocrx_word' id='word_1_292' title='bbox 612 3489 709 3546; x_wconf 84' lang='lat' dir='ltr'><strong>censet</strong></span> <span class='ocrx_word' id='word_1_293' title='bbox 727 3485 791 3543; x_wconf 84' lang='lat' dir='ltr'><strong>coll.</strong></span> <span class='ocrx_word' id='word_1_294' title='bbox 812 3485 932 3564; x_wconf 85' lang='lat' dir='ltr'><strong>Rupert,</strong></span> <span class='ocrx_word' id='word_1_295' title='bbox 954 3489 991 3546; x_wconf 85' lang='lat' dir='ltr'><strong>ad</strong></span> <span class='ocrx_word' id='word_1_296' title='bbox 1010 3483 1074 3546; x_wconf 83' lang='lat' dir='ltr'><strong>Liv.</strong></span> <span class='ocrx_word' id='word_1_297' title='bbox 1097 3488 1127 3561; x_wconf 90' lang='lat'><strong>1,</strong></span> <span class='ocrx_word' id='word_1_298' title='bbox 1149 3489 1199 3562; x_wconf 91' lang='lat'><strong>11,</strong></span> <span class='ocrx_word' id='word_1_299' title='bbox 1220 3483 1250 3547; x_wconf 91' lang='grc'><strong>8.</strong></span> <span class='ocrx_word' id='word_1_300' title='bbox 1294 3486 1363 3545; x_wconf 93' lang='lat' dir='ltr'><strong>lnde</strong></span> <span class='ocrx_word' id='word_1_301' title='bbox 1383 3483 1447 3553; x_wconf 80' lang='lat' dir='ltr'><strong>Liv,</strong></span> <span class='ocrx_word' id='word_1_302' title='bbox 1468 3489 1500 3566; x_wconf 89' lang='grc'><strong>8,</strong></span> 
     </span>
     <span class='ocr_line' id='line_1_30' title="bbox 365 3584 1500 3668; baseline 0.003 -24"><span class='ocrx_word' id='word_1_303' title='bbox 365 3584 423 3660; x_wconf 81' lang='grc'><strong>11,</strong></span> <span class='ocrx_word' id='word_1_304' title='bbox 443 3585 473 3646; x_wconf 85' lang='grc'><strong>7.</strong></span> <span class='ocrx_word' id='word_1_305' title='bbox 496 3587 648 3664; x_wconf 79' lang='lat' dir='ltr'><strong>jrmiores,</strong></span> <span class='ocrx_word' id='word_1_306' title='bbox 675 3607 767 3668; x_wconf 85' lang='lat' dir='ltr'><strong>quum</strong></span> <span class='ocrx_word' id='word_1_307' title='bbox 786 3591 850 3646; x_wconf 81' lang='lat' dir='ltr'><strong>eine</strong></span> <span class='ocrx_word' id='word_1_308' title='bbox 865 3592 1075 3666; x_wconf 72' lang='lat' dir='ltr'><strong>provocatione</strong></span> <span class='ocrx_word' id='word_1_309' title='bbox 1095 3587 1251 3665; x_wconf 82' lang='lat' dir='ltr'><strong>imperium</strong></span> <span class='ocrx_word' id='word_1_310' title='bbox 1271 3600 1360 3660; x_wconf 79' lang='lat' dir='ltr'><strong>earet,</strong></span> <span class='ocrx_word' id='word_1_311' title='bbox 1381 3589 1425 3647; x_wconf 84' lang='lat' dir='ltr'><strong>od</strong></span> <span class='ocrx_word' id='word_1_312' title='bbox 1443 3611 1500 3647; x_wconf 81' lang='lat' dir='ltr'><strong>no·</strong></span> 
     </span>
     <span class='ocr_line' id='line_1_31' title="bbox 365 3686 1500 3772; baseline 0.009 -31"><span class='ocrx_word' id='word_1_313' title='bbox 365 3686 449 3742; x_wconf 67' lang='lat' dir='ltr'><strong>nuno</strong></span> <span class='ocrx_word' id='word_1_314' title='bbox 473 3687 654 3764; x_wconf 77' lang='lat' dir='ltr'><strong>respondent.</strong></span> <span class='ocrx_word' id='word_1_315' title='bbox 695 3689 804 3749; x_wconf 82' lang='lat' dir='ltr'><strong>Eadem</strong></span> <span class='ocrx_word' id='word_1_316' title='bbox 830 3690 984 3752; x_wconf 83' lang='lat' dir='ltr'><strong>similitudo</strong></span> <span class='ocrx_word' id='word_1_317' title='bbox 1005 3709 1051 3772; x_wconf 83' lang='lat' dir='ltr'><strong>ap.</strong></span> <span class='ocrx_word' id='word_1_318' title='bbox 1073 3693 1132 3752; x_wconf 79' lang='lat' dir='ltr'><strong>cio.</strong></span> <span class='ocrx_word' id='word_1_319' title='bbox 1157 3693 1192 3752; x_wconf 88' lang='lat' dir='ltr'><strong>de</strong></span> <span class='ocrx_word' id='word_1_320' title='bbox 1214 3691 1264 3750; x_wconf 75' lang='lat'><strong>01.</strong></span> <span class='ocrx_word' id='word_1_321' title='bbox 1291 3691 1327 3766; x_wconf 89' lang='grc'><strong>8,</strong></span> <span class='ocrx_word' id='word_1_322' title='bbox 1350 3689 1407 3770; x_wconf 81' lang='grc'><strong>19,</strong></span> <span class='ocrx_word' id='word_1_323' title='bbox 1429 3694 1500 3756; x_wconf 87' lang='grc'><strong>191.</strong></span> 
     </span>
     <span class='ocr_line' id='line_1_32' title="bbox 365 3789 1501 3873; baseline 0.009 -29"><span class='ocrx_word' id='word_1_324' title='bbox 365 3789 437 3864; x_wconf 84' lang='lat' dir='ltr'><strong>ipsi,</strong></span> <span class='ocrx_word' id='word_1_325' title='bbox 455 3807 553 3866; x_wconf 81' lang='lat' dir='ltr'><strong>paeon</strong></span> <span class='ocrx_word' id='word_1_326' title='bbox 571 3801 627 3848; x_wconf 83' lang='lat' dir='ltr'><strong>out</strong></span> <span class='ocrx_word' id='word_1_327' title='bbox 641 3789 759 3862; x_wconf 74' lang='lat' dir='ltr'><strong>bemus,</strong></span> <span class='ocrx_word' id='word_1_328' title='bbox 780 3810 811 3848; x_wconf 81' lang='lat' dir='ltr'><strong>eo</strong></span> <span class='ocrx_word' id='word_1_329' title='bbox 828 3790 953 3873; x_wconf 83' lang='lat' dir='ltr'><strong>offerent</strong></span> <span class='ocrx_word' id='word_1_330' title='bbox 972 3803 999 3851; x_wconf 82' lang='lat' dir='ltr'><strong>et</strong></span> <span class='ocrx_word' id='word_1_331' title='bbox 1019 3793 1236 3873; x_wconf 76' lang='lat' dir='ltr'><strong>respondebunt</strong></span> <span class='ocrx_word' id='word_1_332' title='bbox 1251 3813 1310 3852; x_wconf 76' lang='lat' dir='ltr'><strong>raon</strong></span> <span class='ocrx_word' id='word_1_333' title='bbox 1326 3795 1440 3867; x_wconf 47' lang='lat' dir='ltr'><strong>vocat&amp;</strong></span> <span class='ocrx_word' id='word_1_334' title='bbox 1462 3795 1501 3854; x_wconf 90' lang='lat' dir='ltr'><strong>ad</strong></span> 
     </span>
     <span class='ocr_line' id='line_1_33' title="bbox 365 3891 1501 3976; baseline 0.006 -28"><span class='ocrx_word' id='word_1_335' title='bbox 365 3909 448 3968; x_wconf 87' lang='lat' dir='ltr'><strong>quem</strong></span> <span class='ocrx_word' id='word_1_336' title='bbox 475 3891 529 3956; x_wconf 85' lang='lat' dir='ltr'><strong>loe.</strong></span> <span class='ocrx_word' id='word_1_337' title='bbox 558 3893 595 3953; x_wconf 83' lang='lat' dir='ltr'><strong>cl.</strong></span> <span class='ocrx_word' id='word_1_338' title='bbox 626 3891 812 3950; x_wconf 80' lang='lat' dir='ltr'><strong>Ellendtium</strong></span> <span class='ocrx_word' id='word_1_339' title='bbox 839 3901 917 3956; x_wconf 82' lang='lat' dir='ltr'><strong>reete</strong></span> <span class='ocrx_word' id='word_1_340' title='bbox 944 3895 1142 3976; x_wconf 74' lang='lat' dir='ltr'><strong>explicantem.</strong></span> <span class='ocrx_word' id='word_1_341' title='bbox 1192 3893 1380 3974; x_wconf 77' lang='lat' dir='ltr'><strong>Responders</strong></span> <span class='ocrx_word' id='word_1_342' title='bbox 1408 3901 1501 3955; x_wconf 86' lang='lat' dir='ltr'><strong>autem</strong></span> 
     </span>
     <span class='ocr_line' id='line_1_34' title="bbox 364 3994 1501 4075; baseline 0.007 -25"><span class='ocrx_word' id='word_1_343' title='bbox 364 3994 483 4050; x_wconf 78' lang='lat' dir='ltr'><strong>nemim</strong></span> <span class='ocrx_word' id='word_1_344' title='bbox 504 3995 604 4054; x_wconf 89' lang='lat' dir='ltr'><strong>eodem</strong></span> <span class='ocrx_word' id='word_1_345' title='bbox 629 3995 713 4054; x_wconf 89' lang='lat' dir='ltr'><strong>modo</strong></span> <span class='ocrx_word' id='word_1_346' title='bbox 737 3995 839 4055; x_wconf 87' lang='lat' dir='ltr'><strong>dicitur</strong></span> <span class='ocrx_word' id='word_1_347' title='bbox 867 4015 925 4075; x_wconf 87' lang='lat' dir='ltr'><strong>quo</strong></span> <span class='ocrx_word' id='word_1_348' title='bbox 952 3998 1033 4056; x_wconf 82' lang='lat' dir='ltr'><strong>dioto</strong></span> <span class='ocrx_word' id='word_1_349' title='bbox 1054 3999 1223 4058; x_wconf 80' lang='lat' dir='ltr'><strong>audientem</strong></span> <span class='ocrx_word' id='word_1_350' title='bbox 1244 4017 1304 4056; x_wconf 76' lang='lat' dir='ltr'><strong>essa</strong></span> <span class='ocrx_word' id='word_1_351' title='bbox 1324 3995 1436 4068; x_wconf 69' lang='lat' dir='ltr'><strong>alieni,</strong></span> <span class='ocrx_word' id='word_1_352' title='bbox 1465 3999 1501 4058; x_wconf 91' lang='lat' dir='ltr'><strong>de</strong></span> 
     </span>
     <span class='ocr_line' id='line_1_35' title="bbox 364 4095 1502 4180; baseline 0.009 -26"><span class='ocrx_word' id='word_1_353' title='bbox 364 4111 421 4172; x_wconf 87' lang='lat' dir='ltr'><strong>quo</strong></span> <span class='ocrx_word' id='word_1_354' title='bbox 444 4095 572 4156; x_wconf 81' lang='lat' dir='ltr'><strong>Ablatiro</strong></span> <span class='ocrx_word' id='word_1_355' title='bbox 597 4097 673 4156; x_wconf 79' lang='lat' dir='ltr'><strong>conf.</strong></span> <span class='ocrx_word' id='word_1_356' title='bbox 700 4095 828 4156; x_wconf 67' lang='lat' dir='ltr'><strong>nachao</strong></span> <span class='ocrx_word' id='word_1_357' title='bbox 849 4099 878 4158; x_wconf 89' lang='lat' dir='ltr'><strong>in</strong></span> <span class='ocrx_word' id='word_1_358' title='bbox 899 4098 983 4160; x_wconf 78' lang='lat' dir='ltr'><strong>John.</strong></span> <span class='ocrx_word' id='word_1_359' title='bbox 1008 4103 1117 4180; x_wconf 88' lang='lat' dir='ltr'><strong>,‚Jbb.“</strong></span> <span class='ocrx_word' id='word_1_360' title='bbox 1140 4103 1233 4166; x_wconf 82' lang='lat'><strong>1829.</strong></span> <span class='ocrx_word' id='word_1_361' title='bbox 1252 4101 1303 4161; x_wconf 79' lang='lat' dir='ltr'><strong>xl.</strong></span> <span class='ocrx_word' id='word_1_362' title='bbox 1327 4103 1356 4164; x_wconf 94' lang='lat'><strong>1.</strong></span> <span class='ocrx_word' id='word_1_363' title='bbox 1377 4121 1406 4180; x_wconf 89' lang='lat' dir='ltr'><strong>p.</strong></span> <span class='ocrx_word' id='word_1_364' title='bbox 1431 4101 1502 4164; x_wconf 82' lang='lat'><strong>109.</strong></span> 
     </span>
     <span class='ocr_line' id='line_1_36' title="bbox 363 4195 1502 4283; baseline 0.005 -29"><span class='ocrx_word' id='word_1_365' title='bbox 363 4195 440 4256; x_wconf 85' lang='lat' dir='ltr'><strong>Hinc</strong></span> <span class='ocrx_word' id='word_1_366' title='bbox 466 4198 651 4279; x_wconf 87' lang='lat' dir='ltr'><strong>improbanda</strong></span> <span class='ocrx_word' id='word_1_367' title='bbox 675 4206 721 4259; x_wconf 86' lang='lat' dir='ltr'><strong>est</strong></span> <span class='ocrx_word' id='word_1_368' title='bbox 747 4201 888 4259; x_wconf 66' lang='lat' dir='ltr'><strong>Meroua</strong></span> <span class='ocrx_word' id='word_1_369' title='bbox 913 4203 1026 4282; x_wconf 88' lang='lat' dir='ltr'><strong>opinio,</strong></span> <span class='ocrx_word' id='word_1_370' title='bbox 1054 4223 1112 4283; x_wconf 85' lang='lat' dir='ltr'><strong>qua</strong></span> <span class='ocrx_word' id='word_1_371' title='bbox 1134 4205 1359 4266; x_wconf 84' lang='lat' dir='ltr'><strong>terminationem</strong></span> <span class='ocrx_word' id='word_1_372' title='bbox 1385 4203 1502 4260; x_wconf 69' lang='lat' dir='ltr'><strong>nomios</strong></span> 
     </span>
    </p>
   </div>
   <div class='ocr_carea' id='block_1_3' title="bbox 364 4409 1502 4684">
    <p class='ocr_par' dir='ltr' id='par_1_3' title="bbox 364 4409 1502 4684">
     <span class='ocr_line' id='line_1_37' title="bbox 448 4409 1500 4516; baseline 0.009 -28"><span class='ocrx_word' id='word_1_373' title='bbox 448 4431 475 4503; x_wconf 80' lang='lat'><strong>*)</strong></span> <span class='ocrx_word' id='word_1_374' title='bbox 497 4435 628 4492; x_wconf 82' lang='lat' dir='ltr'><strong>contorte</strong></span> <span class='ocrx_word' id='word_1_375' title='bbox 646 4439 822 4512; x_wconf 79' lang='lat' dir='ltr'><strong>Doeringiue,</strong></span> <span class='ocrx_word' id='word_1_376' title='bbox 838 4459 915 4514; x_wconf 86' lang='lat' dir='ltr'><strong>quem</strong></span> <span class='ocrx_word' id='word_1_377' title='bbox 931 4442 1004 4499; x_wconf 83' lang='lat' dir='ltr'><strong>vide.</strong></span> <span class='ocrx_word' id='word_1_378' title='bbox 1031 4443 1185 4498; x_wconf 81' lang='lat' dir='ltr'><strong>contortius</strong></span> <span class='ocrx_word' id='word_1_379' title='bbox 1203 4443 1377 4516; x_wconf 69' lang='lat' dir='ltr'><strong>Porphyrion.-</strong></span> <span class='ocrx_word' id='word_1_380' title='bbox 1401 4409 1500 4512; x_wconf 83' lang='lat' dir='ltr'><strong>„Ordo</strong></span> 
     </span>
     <span class='ocr_line' id='line_1_38' title="bbox 364 4521 1502 4600; baseline 0.015 -33"><span class='ocrx_word' id='word_1_381' title='bbox 364 4521 392 4567; x_wconf 86' lang='lat' dir='ltr'><strong>et</strong></span> <span class='ocrx_word' id='word_1_382' title='bbox 407 4537 514 4572; x_wconf 78' lang='lat' dir='ltr'><strong>sensus:</strong></span> <span class='ocrx_word' id='word_1_383' title='bbox 534 4523 719 4594; x_wconf 75' lang='lat' dir='ltr'><strong>Respondeme</strong></span> <span class='ocrx_word' id='word_1_384' title='bbox 737 4533 782 4592; x_wconf 80' lang='lat' dir='ltr'><strong>tu,</strong></span> <span class='ocrx_word' id='word_1_385' title='bbox 797 4529 852 4596; x_wconf 79' lang='lat' dir='ltr'><strong>die,</strong></span> <span class='ocrx_word' id='word_1_386' title='bbox 868 4530 955 4598; x_wconf 82' lang='lat' dir='ltr'><strong>eoder,</strong></span> <span class='ocrx_word' id='word_1_387' title='bbox 974 4545 1068 4600; x_wconf 86' lang='lat' dir='ltr'><strong>nempe</strong></span> <span class='ocrx_word' id='word_1_388' title='bbox 1082 4528 1222 4584; x_wconf 81' lang='lat' dir='ltr'><strong>virbonus</strong></span> <span class='ocrx_word' id='word_1_389' title='bbox 1237 4539 1266 4584; x_wconf 89' lang='lat' dir='ltr'><strong>et</strong></span> <span class='ocrx_word' id='word_1_390' title='bbox 1280 4527 1384 4600; x_wconf 82' lang='lat' dir='ltr'><strong>sepiens</strong></span> <span class='ocrx_word' id='word_1_391' title='bbox 1398 4529 1502 4584; x_wconf 83' lang='lat' dir='ltr'><strong>nomine</strong></span> 
     </span>
     <span class='ocr_line' id='line_1_39' title="bbox 365 4599 1449 4684; baseline 0.01 -27"><span class='ocrx_word' id='word_1_392' title='bbox 365 4599 418 4669; x_wconf 67' lang='lat' dir='ltr'><strong>dlq·</strong></span> <span class='ocrx_word' id='word_1_393' title='bbox 431 4601 573 4660; x_wconf 61' lang='lat' dir='ltr'><strong>deleetom‘</strong></span> <span class='ocrx_word' id='word_1_394' title='bbox 586 4615 640 4664; x_wconf 83' lang='lat' dir='ltr'><strong>eto.</strong></span> <span class='ocrx_word' id='word_1_395' title='bbox 660 4609 702 4664; x_wconf 85' lang='lat' dir='ltr'><strong>De</strong></span> <span class='ocrx_word' id='word_1_396' title='bbox 714 4609 792 4666; x_wconf 78' lang='lat' dir='ltr'><strong>ulmlli</strong></span> <span class='ocrx_word' id='word_1_397' title='bbox 807 4613 887 4684; x_wconf 75' lang='lat' dir='ltr'><strong>hujus</strong></span> <span class='ocrx_word' id='word_1_398' title='bbox 900 4613 977 4668; x_wconf 81' lang='lat' dir='ltr'><strong>verbi</strong></span> <span class='ocrx_word' id='word_1_399' title='bbox 990 4631 1039 4669; x_wconf 81' lang='lat' dir='ltr'><strong>ase</strong></span> <span class='ocrx_word' id='word_1_400' title='bbox 1052 4614 1141 4670; x_wconf 82' lang='lat' dir='ltr'><strong>Breni</strong></span> <span class='ocrx_word' id='word_1_401' title='bbox 1154 4617 1191 4670; x_wconf 76' lang='lat' dir='ltr'><strong>td</strong></span> <span class='ocrx_word' id='word_1_402' title='bbox 1202 4616 1280 4672; x_wconf 73' lang='lat' dir='ltr'><strong>fluet.</strong></span> <span class='ocrx_word' id='word_1_403' title='bbox 1295 4614 1391 4671; x_wconf 72' lang='lat' dir='ltr'><strong>cnud.</strong></span> <span class='ocrx_word' id='word_1_404' title='bbox 1407 4613 1449 4670; x_wconf 86' lang='lat'><strong>15.</strong></span> 
     </span>
    </p>
   </div>
   <div class='ocr_carea' id='block_1_4' title="bbox 0 0 1740 5320">
    <p class='ocr_par' dir='ltr' id='par_1_4' title="bbox 0 0 1740 5320">
     <span class='ocr_line' id='line_1_40' title="bbox 0 0 1740 5320; baseline 0 0"><span class='ocrx_word' id='word_1_405' title='bbox 0 0 1740 5320; x_wconf 95' lang='lat' dir='ltr'><strong> </strong></span> 
     </span>
    </p>
   </div>
  </div>
 </body>
</html>
