3458 5318
339 453 379 522 78
442 455 726 519 commati
748 456 789 516 IN
810 453 978 516 nouam
998 454 1075 516 LlB.
1097 455 1121 515 l.
1151 453 1277 515 EPIST.
1298 453 1391 516 nnc.
1456 459 1496 522 18

332 653 465 730 jungent.
496 645 565 704 Illos
586 643 714 720 seqnitur
732 642 762 699 J.
784 639 929 700 Morini.-
962 639 1069 717 „Docb
1090 641 1211 700 seitdem
1239 643 1291 702 mit
1311 642 1378 702 dem
1398 641 1497 702 Stolne

335 753 387 811 des
406 751 509 824 Sieges
528 765 559 804 er
575 763 641 803 vem
661 743 770 803 Feinde
789 743 996 804 urriickksm.“
1037 743 1127 803 Paulo
1154 745 1237 802 aliter
1260 744 1294 802 C.
1317 745 1496 801 Pannonius.-

335 851 442 930 „Doclr
459 849 516 906 urie
538 846 643 904 dmaut
658 845 797 921 siegreicb
816 867 850 906 es
870 847 922 905 mit
943 845 1035 904 Trotn
1062 865 1128 908 vom
1149 845 1260 906 Felnde
1285 843 1497 902 nuriicklsam.“

336 952 469 1012 Similiter
495 949 593 1017 Voce,
620 946 761 1006 Giinther
780 953 809 1007 et
833 945 985 1006 Scheller:
1013 947 1078 1024 „als
1094 948 1234 1024 trotziger
1254 948 1356 1024 Sieger
1374 947 1495 1006 eudok-

334 1052 434 1114 kam.“
464 1051 584 1110 Ceteras
606 1053 623 1110 e
643 1049 779 1122 Bentleji
797 1051 905 1110 insulsa
924 1049 1158 1126 interpretatione
1181 1057 1280 1108 enatae
1296 1059 1326 1108 et
1346 1049 1495 1108 maximam

334 1161 445 1236 partem
466 1154 663 1229 discrepantes
680 1151 882 1230 explicationes
900 1169 1050 1210 mcensere
1065 1156 1095 1209 et
1111 1150 1228 1228 longum
1240 1157 1292 1210 est
1309 1157 1340 1210 et
1357 1147 1493 1224 taedet.*)

334 1258 480 1318 Nauseam
501 1253 569 1314 olim
588 1256 786 1333 superavimus
806 1255 835 1311 in
857 1255 903 1312 ed.
927 1254 955 1315 1.
977 1273 1008 1331 Ρ.
1029 1255 1071 1316 61
1095 1271 1160 1331 sqq.
1203 1253 1268 1311 Hoc
1289 1273 1376 1312 unum
1395 1252 1495 1311 obser·

334 1360 456 1418 vandum
476 1362 540 1432 est,
569 1357 617 1432 qui
641 1355 775 1434 Epitbeto
797 1355 911 1415 violens
935 1355 1040 1412 offensi
1060 1361 1174 1430 essent,
1204 1375 1255 1414 eos
1276 1375 1334 1414 non
1356 1355 1494 1430 sensisse,

332 1481 417 1540 quam
437 1461 510 1518 scite
529 1455 578 1514 illa
598 1455 664 1532 equi
684 1457 818 1517 violentia
838 1458 968 1516 homines
990 1457 1127 1534 &asmodi
1148 1457 1282 1534 adempta
1301 1457 1424 1534 imagine
1443 1458 1494 1514 de·

333 1561 490 1637 scriberet,
523 1559 571 1635 qui
592 1556 685 1616 calido
716 1559 778 1618 sere
800 1559 918 1618 consilio
944 1567 973 1618 et
999 1559 1162 1618 ardentiore
1182 1560 1278 1616 studio
1299 1559 1328 1616 in
1350 1558 1494 1636 potentio·

332 1683 394 1722 rum
414 1661 551 1720 amicitias
570 1660 711 1718 irruerent
730 1663 874 1721 servitutis
893 1667 1052 1739 perpetuae
1073 1660 1128 1718 sibi
1159 1662 1213 1738 ipsi
1238 1665 1387 1718 nectentes
1416 1667 1493 1721 αἰε-

333 1781 394 1823 nas.
421 1763 482 1822 Sed
502 1761 648 1820 rideamus
669 1762 811 1842 exempla!
834 1763 892 1822 od.
915 1763 947 1836 3,
963 1761 1017 1838 30,
1039 1763 1091 1825 10.
1113 1762 1226 1819 violens
1243 1761 1390 1836 Arefiden.
1410 1761 1493 1824 Pers.

334 1865 366 1940 6,
390 1867 450 1927 171
468 1865 555 1943 sense
578 1873 606 1920 et
624 1862 748 1922 violeus.
782 1867 885 1923 Seren.
907 1865 1053 1924 Sammon.
1078 1863 1130 1926 47.
1164 1864 1277 1922 violens
1297 1873 1410 1922 natura
1431 1883 1496 1920 ms-

332 1965 427 2025 delne.
461 1964 547 2044 Apul.
578 1963 651 2028 Met.
678 1967 710 2028 6.
739 1985 769 2044 Ρ.
788 1967 852 2028 710
884 1963 1046 2044 (Oudend.)
1078 1964 1219 2022 violentes
1241 1985 1343 2044 aquas
1376 1967 1494 2041 accipit.

332 2068 418 2128 Mart.
441 2067 515 2146 Cap.
537 2067 640 2144 1,16.
671 2069 715 2146 (Ρ.
736 2067 779 2132 48
799 2067 915 2147 ΚοΡΡ.)
942 2066 1116 2144 umdemque
1137 2067 1295 2144 tepiditas.
1326 2067 1408 2144 Virg.
1431 2067 1492 2126 Ge.

332 2173 364 2246 2,
389 2169 459 2232 wi.
483 2168 630 2247 Navigiis
655 2169 813 2226 violentior
832 2169 939 2226 incidit
960 2171 1072 2226 Eurus.
1103 2167 1167 2226 Huc
1186 2169 1307 2243 accedit,
1328 2169 1408 2246 quod
1431 2171 1495 2226 vr'o·

331 2271 425 2328 lentio
446 2271 507 2328 fere
528 2271 563 2328 iis
588 2270 741 2345 tribuitur,
758 2269 812 2347 qui
833 2271 903 2328 iram
923 2269 1057 2328 cohibere
1083 2288 1139 2327 non
1160 2277 1282 2346 possunt
1297 2277 1330 2328 et
1341 2271 1495 2336 sabama·-

332 2373 369 2430 tis
390 2379 457 2430 sunt
477 2371 584 2448 ingenii
606 2371 678 2447 (vid.
700 2373 800 2430 Sanct.
822 2372 942 2431 Minerv.
965 2372 1000 2430 ll.
1018 2392 1048 2449 Ρ.
1068 2370 1138 2433 661.
1170 2370 1284 2429 Rubnls.
1312 2374 1348 2430 ad
1374 2373 1493 2434 Terent.

333 2473 448 2532 Phorm.
476 2473 507 2549 6,
532 2475 561 2547 1,
582 2470 626 2550 4.)
649 2479 679 2530 et
700 2475 777 2549 quod
800 2473 946 2532 violentus
967 2473 1022 2531 nisi
1043 2473 1134 2529 forms
1155 2491 1213 2530 non
1232 2473 1349 2544 differt3
1374 2477 1413 2533 de
1439 2493 1496 2552 qnia

331 2595 363 2634 rs
394 2581 474 2634 recte
504 2575 635 2634 dixemnt
654 2573 754 2634 Brum.
786 2575 823 2632 ad
843 2571 953 2634 Lucan.
986 2578 1017 2648 7,
1042 2573 1116 2636 126.
1154 2574 1241 2632 Antb.
1263 2576 1311 2634 lat.
1339 2575 1362 2634 l.
1388 2596 1418 2654 Ρ.
1440 2577 1492 2638 86.

331 2675 424 2738 Drak.
447 2676 484 2735 ad
503 2673 570 2737 Liv.
585 2674 623 2752 ’9,
644 2673 696 2752 tt,
717 2677 748 2737 9.
769 2675 903 2734 Oudend.
926 2683 956 2734 et
969 2675 1100 2734 Hlldebr.
1123 2679 1161 2734 ad
1180 2676 1265 2755 ¹Apul.
1288 2677 1361 2736 Met.
1385 2677 1418 2752 6,
1441 2675 1493 2740 16.

330 2799 360 2858 p.
382 2774 454 2839 446.
486 2811 523 2822 -
557 2777 592 2835 V.
615 2777 667 2840 38.
696 2770 773 2834 Non
792 2777 919 2855 equitem
940 2809 979 2818 —
1003 2795 1061 2836 ore.
1094 2777 1202 2838 Phaed.
1221 2779 1253 2855 4,
1273 2775 1304 2854 4,
1322 2781 1356 2850 9.
1389 2779 1494 2857 Atque

330 2883 376 2937 isa
400 2881 497 2958 coegit
513 2881 619 2960 francs
643 2881 773 2938 invinun
789 2880 868 2957 pati.
905 2878 1020 2938 Romul.
1053 2879 1126 2938 Feb.
1159 2881 1265 2960 Aesop.
1296 2879 1329 2958 4,
1359 2880 1389 2940 9.
1437 2881 1494 2939 cni

330 2993 437 3041 cannas
455 2981 582 3060 desuper
601 3001 714 3040 sessor:
744 3003 805 3040 non
836 2979 973 3052 habebis,
1001 2984 1117 3061 iuquit,
1141 2993 1317 3059 potestatem
1338 2983 1494 3053 currendi,

331 3085 527 3165 quisnamne
546 3086 580 3142 in
604 3083 788 3156 orchades,
814 3085 995 3143 moenitum
1010 3086 1104 3154 dare,
1129 3086 1203 3163 quia
1224 3083 1300 3142 sella
1324 3089 1490 3161 repremit.

415 3185 452 3248 V.
471 3183 609 3248 89-41.
642 3185 695 3242 Sic
717 3187 772 3264 qui
788 3219 834 3248 .··-
854 3188 964 3243 neeciet
980 3188 1035 3243 uti.
1074 3189 1146 3262 „Sic
1165 3189 1269 3265 bomo,
1293 3188 1341 3264 qui
1361 3187 1399 3244 ob
1421 3207 1490 3268 pan-

330 3285 450 3367 pertat‘u
471 3287 569 3361 fingam
587 3286 630 3342 sai
650 3287 783 3363 mancipii
802 3305 868 3346 esse
885 3287 1000 3360 desinit,
1022 3287 1137 3348 domino
1158 3291 1271 3370 potenti
1291 3293 1382 3369 turpis
1401 3291 1490 3357 humi-

329 3390 421 3466 lisque
443 3388 532 3448 servit
554 3393 583 3445 et
604 3387 710 3445 serviet
728 3389 756 3445 in
774 3395 938 3462 aeternum,
967 3389 1056 3464 quia“
1074 3399 1129 3450 etc.
1161 3393 1247 3451 Conf.
1268 3392 1364 3470 Epist.
1386 3398 1417 3471 1,
1440 3395 1490 3468 18,

330 3488 382 3555 24.
404 3496 433 3548 et
446 3488 561 3548 llsrtsch.
584 3489 623 3545 ad
638 3488 697 3546 Od.
716 3489 748 3563 3,
770 3483 821 3562 24,
840 3485 892 3552 42.
925 3487 1004 3547 Cave
1026 3490 1110 3568 igitur
1125 3513 1193 3552 ⁴curn
1206 3495 1353 3554 nonnullis
1371 3497 1490 3573 jungas:

332 3593 385 3652 Sic
407 3592 462 3672 qui
478 3623 522 3636 »-
545 3599 639 3662 cnrat;
664 3589 748 3648 rehu
769 3621 820 3646 -·-.
841 3589 994 3649 Praeterea
1023 3613 1109 3670 quum
1136 3614 1170 3654 ex
1197 3601 1259 3654 toto
1288 3598 1489 3654 sententiarum

329 3697 446 3770 ordisse,
468 3700 530 3752 tum
544 3711 584 3752 rex
606 3691 746 3769 particula
762 3693 806 3750 sic
828 3693 857 3750 in
879 3691 1069 3769 applicatione
1091 3697 1211 3774 exempli
1232 3699 1343 3774 posita,
1370 3703 1402 3754 ut
1428 3698 1487 3754 Sat.

331 3803 361 3875 1,
383 3801 414 3874 6,
433 3791 571 3860 31-37,
594 3795 646 3870 (ct'.
667 3795 811 3854 Goerenz.
832 3794 869 3854 ad
891 3794 950 3853 cic.
975 3799 1012 3855 ‹le
1033 3797 1098 3858 Fin.
1121 3799 1153 3874 6,
1175 3794 1228 3874 14,
1250 3799 1302 3861 40.
1335 3799 1429 3862 Beier.
1451 3797 1491 3854 ad

328 3974 527 3990 --—-——

409 4103 442 4173 *)
460 4099 616 4158 morus
639 4121 667 4173 Ρ.
688 4100 757 4158 4082
782 4103 1015 4173 „Viennensem
1035 4105 1122 4158 bildet
1148 4107 1226 4158 einen
1254 4106 1414 4162 offenbsren
1436 4108 1490 4158 Ga·

327 4197 438 4258 genesta
459 4205 548 4260 gagen
566 4187 620 4242 slas
646 4188 757 4244 tribere
784 4191 870 4246 minor
893 4190 921 4244 ia
940 4197 1005 4242 cert.
1029 4191 1128 4260 langen·
1154 4191 1201 4246 das
1234 4193 1376 4248 schuaabe
1401 4189 1489 4250 etna

326 4289 384 4326 war
405 4274 488 4328 durch
510 4273 555 4325 die
574 4273 656 4326 Hills
680 4275 729 4326 des
750 4274 899 4328 Manschen
923 4273 967 4326 ein
985 4276 1165 4344 grunniret,
1188 4275 1405 4348 iibermichtiger
1429 4275 1490 4330 sto

327 4373 377 4426 ger
409 4359 584 4426 gewordan.“
638 4357 777 4428 Improbat
806 4361 840 4412 V.
874 4361 901 4412 d.
935 4369 1055 4414 nostram
1086 4361 1354 4430 interpretationem,
1393 4360 1490 4426 Baebii,

326 4439 426 4508 incoli,
447 4442 629 4512 Pentlnmpii,
655 4441 798 4496 Torreatii.
836 4442 991 4498 ‘Nobiscum
1015 4443 1081 4497 tnc‘it
1106 4445 1234 4514 Orcltius,
1256 4447 1299 4500 cui
1325 4447 1386 4500 vicl.
1412 4447 1491 4514 „laet-

324 4525 382 4596 ug,
406 4523 566 4593 ungentum
589 4533 641 4581 est.
