3430 5324
312 469 373 536 158
401 469 683 534 comesum!
696 469 739 530 ΙΝ
752 458 921 532 nomn
935 470 1012 532 LlB.
1024 473 1046 533 l.
1064 471 1189 534 EPIST.
1202 471 1379 536 DUODBO.
1409 477 1471 542 158

310 664 371 722 tuit
387 679 505 738 aspro
531 653 680 716 rituali
704 655 846 716 &adem
873 657 1026 734 imposuit.
1059 659 1186 738 Recepit
1205 669 1233 718 st
1256 661 1366 738 sigua,
1394 679 1472 740 quac

312 765 362 822 M.
384 762 492 820 Gracco
511 757 687 818 ademsnnt
705 758 826 820 Parthi.
855 759 944 828 Quod
964 767 1059 820 sutem
1079 761 1227 840 Augustus
1245 761 1399 822 Pbrnutem
1415 781 1472 824 uus

311 885 375 925 cnm
397 864 461 922 tiliis
487 862 549 938 ejus
576 862 708 920 insnum
728 861 815 920 iidem
841 867 871 920 et
895 860 1055 920 clientelam
1080 865 1205 943 recepit,
1233 864 1263 922 id
1288 883 1342 941 per
1363 864 1472 926 Tinu

310 967 411 1044 Syriae
431 969 594 1042 praetorem
614 962 720 1020 suctum
741 981 807 1022 esse
828 981 862 1022 ex
882 962 1025 1024 Strabone
1048 967 1099 1042 16,
1123 969 1152 1029 1.
1174 965 1277 1046 conjici
1298 965 1372 1026 bend
1394 967 1471 1026 diffi-

312 1069 403 1128 culter
421 1071 528 1145 potest.
562 1063 832 1141 luterpretntiouem
850 1083 938 1142 supra
957 1067 1135 1145 propositum
1153 1067 1329 1146 probabiles
1347 1067 1472 1128 reddunt

312 1170 399 1230 verbs
419 1187 532 1247 quoque
547 1165 676 1245 genibus
697 1167 808 1236 missor,
830 1167 851 1224 i.
875 1185 902 1224 e.
925 1167 956 1225 iu
974 1187 1067 1243 genus
1087 1167 1278 1246 procumbens
1299 1171 1358 1228 sive
1379 1174 1411 1228 nt
1430 1170 1471 1230 sit

312 1273 399 1333 Ouid.
426 1271 498 1330 ller.
524 1269 564 1344 3,
594 1266 665 1332 240.
694 1265 821 1347 gembres
847 1267 976 1345 supplex
997 1272 1105 1347 positis
1131 1269 1297 1349 similisque
1317 1273 1468 1348 precanti,

311 1377 374 1434 sive
395 1370 427 1448 4,
448 1367 513 1434 340
530 1369 709 1448 flexumque
725 1389 809 1448 genn
831 1371 994 1440 summisit,
1013 1375 1054 1432 its
1076 1379 1186 1446 tumen,
1206 1379 1239 1432 ut
1258 1371 1351 1433 Poete
1370 1373 1472 1434 luserit

309 1479 340 1537 iu
360 1474 544 1550 ambiguitate
564 1471 696 1532 vocabuli
717 1474 828 1542 minor,
853 1471 890 1530 de
911 1492 969 1550 quo
989 1474 1055 1532 side
1077 1475 1115 1534 nd
1137 1474 1189 1550 10,
1208 1474 1262 1536 35.
1289 1475 1388 1554 Imago
1406 1476 1472 1553 ipss

310 1579 425 1659 poetice
452 1579 515 1650 est,
549 1575 574 1632 si
600 1573 754 1634 contuleris
775 1573 847 1633 Tse.
868 1571 943 1634 Anu.
965 1577 1004 1652 2,
1026 1578 1113 1654 1,1.
1148 1573 1472 1639 Phraates—cuncta

311 1678 517 1740 vernantium
538 1675 639 1754 officia
657 1675 703 1736 nd
720 1675 898 1753 Angustum
923 1685 1058 1736 vomat.
1087 1677 1121 1736 ln
1139 1679 1183 1738 rei
1202 1680 1368 1740 memoriam
1386 1697 1470 1738 uum·

309 1803 374 1844 mus
394 1786 440 1840 est
459 1779 607 1856 signatus,
635 1779 666 1837 iu
685 1795 742 1855 quo
763 1777 888 1838 Pnrtbus
910 1795 986 1853 genu
1005 1779 1080 1838 flexo
1100 1779 1230 1840 vexillum
1248 1781 1386 1858 porrigits
1413 1780 1470 1840 vid

311 1884 419 1942 ΝοιιηιΙ
444 1881 637 1939 Commentnr.
666 1880 697 1938 iu
722 1877 797 1956 Aug.
826 1877 911 1940 Caes.
933 1879 1077 1939 Nomism.
1102 1901 1133 1958 p.
1159 1881 1312 1945 62—65.
1345 1879 1471 1940 Ereta.

311 1986 352 2050 D.
372 1984 413 2045 N.
429 1981 479 2040 Vl.
508 2001 538 2060 p.
561 1981 612 2044 95.
640 1979 704 2040 coll
725 1999 756 2058 p.
773 1981 843 2044 121.
871 1979 987 2039 Κακὴ.
1015 1979 1115 2044 Lesic.
1139 1981 1186 2042 lll.
1208 1985 1239 2047 2.
1266 2001 1298 2060 p-
1316 1981 1389 2044 596.
1420 1982 1471 2042 llle

312 2095 411 2165 typum
431 2101 467 2142 ex
486 2081 542 2142 boc
562 2083 627 2143 loco
649 2089 680 2143 et
699 2081 785 2144 Ovid.
805 2081 889 2140 Fest.
910 2080 942 2159 5,
963 2081 1037 2145 693.
1059 2103 1227 2160 expressum
1246 2084 1389 2162 opinenrr.
1422 2082 1470 2142 Ad

310 2189 432 2250 eundem
458 2204 519 2246 rem
547 2185 619 2244 scite
646 2183 738 2242 refert
766 2181 904 2260 onychem
929 2183 1058 2242 Barcini
1089 2184 1231 2264 Silligr'us
1260 2185 1291 2242 in
1318 2185 1469 2264 „Tiibinp

311 2285 512 2350 Kuustblstt“
539 2286 633 2350 1888.
660 2286 701 2346 Ν.
727 2283 757 2348 4.
789 2306 819 2365 p·
840 2284 880 2348 15
900 2304 966 2362 sqq.
1002 2287 1188 2365 Quapropter
1215 2287 1314 2364 pingui
1341 2288 1470 2348 bliuern

310 2411 400 2470 cgere
421 2389 558 2448 censendi
579 2393 646 2446 sunt
666 2389 731 2466 qui,
752 2393 785 2446 ut
807 2385 990 2446 Buclmernr
1009 2389 1039 2446 iu
1059 2387 1146 2447 Fabri
1167 2388 1308 2450 Tbeseur.
1338 2407 1365 2446 s.
1385 2409 1469 2467 gum

311 2499 343 2554 et
369 2491 544 2552 Dantem
570 2509 600 2568 p.
623 2491 694 2552 177.
705 2487 737 2568 *)
765 2489 927 2548 Geuitivum
955 2489 1092 2546 &marie
1113 2507 1176 2550 crim
1201 2509 1231 2551 v.
1252 2489 1381 2568 genibus
1401 2493 1468 2568 juu-

311 2596 436 2674 geudum
457 2592 579 2667 donent,
611 2589 659 2650 ille
686 2590 819 2669 quidem,
851 2596 884 2649 ut
910 2590 1105 2669 significetur,
1137 2589 1288 2652 theu:
1312 2593 1468 2670 supplicem

311 2699 465 2774 fimumque
493 2693 532 2752 od
562 2711 658 2772 genus
689 2693 821 2752 Caesaris
852 2697 883 2750 et
918 2693 960 2752 sic
990 2693 1129 2755 minorem
1162 2691 1291 2770 gembus
1323 2694 1468 2772 recepisse

312 2817 432 2878 reguum
451 2795 547 2875 (tl),
574 2795 635 2872 bic,
657 2799 690 2854 ut
707 2795 747 2854 sd
768 2814 796 2854 v.
817 2795 976 2872 impe-snm
995 2795 1084 2856 verbs
1099 2795 1210 2874 popuii
1229 2795 1365 2856 Romani
1384 2794 1468 2855 intel-

311 2903 444 2981 liguntur.
477 2897 539 2958 Viri
566 2895 607 2956 illi
634 2897 664 2956 iu
688 2895 766 2956 bunc
791 2916 919 2958 errorem
946 2898 1009 2958 siue
1036 2896 1124 2956 dubio
1152 2899 1314 2958 inciderunt
1334 2897 1399 2958 loen
1420 2916 1468 2976 ep

311 3004 393 3062 Suet.
413 3000 485 3062 Ner.
506 2998 555 3062 13.
584 2997 682 3078 (Nero
709 2998 1025 3077 ibidum—primo
1051 2999 1177 3060 αὼηὺίι
1199 3001 1246 3061 cd
1270 3019 1375 3081 guina
1401 2995 1470 3076 etc)

311 3199 518 3212 —u—

395 3335 425 3406 *)
444 3337 486 3392 Ut
506 3335 552 3392 nn
571 3343 686 3410 poetes,
704 3341 744 3395 itu
757 3339 887 3394 Horatius
904 3339 1046 3395 verborum
1064 3339 1118 3394 rim
1133 3339 1262 3410 intendit,
1280 3347 1312 3394 ut
1333 3355 1367 3393 ce
1386 3344 1470 3410 ponat

311 3421 398 3494 primo
417 3423 477 3476 loco
497 3439 591 3478 versus
612 3425 659 3495 qui
678 3426 737 3480 fere
759 3427 892 3497 coquitur,
910 3431 940 3478 ut
953 3441 1035 3496 supra
1048 3443 1076 3479 v.
1091 3427 1126 3484 2ss
1140 3429 1211 3482 ultro
1224 3425 1317 3495 Deser.
1335 3425 1388 3478 0d.
1403 3428 1428 3491 1,
1441 3425 1469 3492 8,

312 3511 357 3568 12.
376 3508 422 3574 qni
433 3510 746 3578 fragilem—Primo.
769 3513 794 3579 1,
809 3513 835 3579 7,
851 3512 895 3565 17.
913 3513 1033 3582 partierit
1054 3512 1149 3566 intres
1162 3513 1316 3582 Perpenros.
1333 3506 1361 3578 4,
1380 3512 1407 3578 9,
1424 3509 1467 3566 25.

314 3592 409 3648 Visere
417 3597 508 3662 sortes
528 3602 589 3648 nnte
604 3596 906 3667 Agamemnonem
930 3595 1018 3665 Epist.
1035 3598 1067 3663 2,
1082 3598 1115 3665 2,
1129 3593 1173 3652 84.
1198 3605 1290 3652 dms
1313 3594 1469 3650 taciturnius

310 3678 365 3732 exit
382 3678 547 3746 Plennnpnc.
580 3679 639 3734 Alie
653 3681 789 3752 complure
802 3681 969 3752 collegerunt
987 3683 1016 3734 C.
1034 3681 1173 3736 Pnssovins
1186 3683 1223 3735 N.
1238 3683 1298 3738 270.
1314 3689 1342 3734 ct
1356 3679 1466 3735 Steiner.

310 3762 339 3816 in
353 3761 450 3834 Progr.
465 3764 614 3822 Cruceunc.
629 3761 707 3820 1841.
722 3765 755 3819 de
770 3767 838 3820 Hor.
854 3767 886 3820 C.
902 3767 981 3822 Sacc.
997 3767 1173 3821 commentat.
1188 3785 1216 3838 p.
1228 3769 1272 3820 11.
1287 3763 1391 3828 Quodsi
1405 3781 1468 3821 con-

311 3847 448 3918 cederem,
470 3847 625 3904 chitlvum
647 3851 682 3905 sd
703 3853 816 3923 genitur
835 3851 988 3922 pertinere,
1011 3867 1069 3904 eum
1083 3849 1198 3906 dicerem
1212 3851 1245 3904 cd
1260 3857 1398 3920 utramque
1410 3865 1469 3903 rem

310 3949 373 3987 esse
390 3934 560 3988 referendum
580 3953 614 3989 ex
635 3953 668 3990 ea
686 3936 792 3990 dicendi
813 3935 1019 4006 consuetudine,
1049 3953 1126 4007 quum
1150 3937 1269 4009 pluribus
1289 3933 1423 3989 illustrari
1440 3934 1469 3988 in

310 4017 426 4073 llxunrs.
441 4019 478 4072 ed
491 4019 582 4090 Epist.
596 4023 623 4077 7.
644 4039 671 4092 p.
688 4017 741 4079 402
753 4041 831 4094 sqq.,
853 4023 920 4076 locis
933 4023 986 4078 illis
1003 4029 1031 4076 et
1044 4023 1224 4094 scriptoribus
1238 4037 1307 4075 nnuc
1320 4021 1391 4075 eddo
1405 4023 1468 4076 Aue

310 4103 346 4158 sd
360 4103 473 4158 Vestrit.
488 4105 569 4175 Spnr.
588 4125 618 4178 p.
633 4109 677 4162 61.
691 4107 819 4180 Madvig.
834 4107 869 4161 de
882 4107 950 4162 locis
966 4107 1122 4180 quibusdum
1135 4107 1260 4164 Juvounl.
1276 4107 1313 4160 ll.
1335 4125 1364 4178 p.
1380 4109 1409 4160 11
1426 4123 1469 4174 sq.

310 4197 340 4242 et
358 4190 393 4243 cd
410 4189 469 4247 Cic.
486 4188 520 4243 dc
537 4190 597 4246 ltin.
614 4189 640 4262 5,
658 4193 685 4248 9.
704 4209 733 4264 p.
749 4191 810 4254 659.
828 4193 914 4248 Peter.
933 4193 967 4248 sd
986 4193 1046 4248 Cic.
1065 4193 1143 4250 Brut.
1161 4197 1188 4264 8,
1212 4196 1256 4250 10.
1278 4195 1376 4264 p.11.,
1398 4190 1468 4244 conf.

310 4271 439 4328 Dintrer.
463 4273 498 4328 sd
520 4275 575 4329 0d.
598 4281 624 4346 1,
644 4279 687 4345 27,
710 4279 753 4333 23.
774 4297 803 4348 ρ.
823 4273 883 4332 145.
906 4279 961 4333 Sed
981 4279 1119 4332 redeamus
1138 4281 1173 4334 nd
1188 4277 1368 4351 propositum!
1387 4273 1470 4329 Nulla

310 4355 355 4409 bic
368 4359 481 4431 Ellipsis
499 4367 543 4414 est
557 4379 621 4433 pop.
635 4363 728 4432 lium„
745 4362 797 4416 nisi
811 4363 851 4429 ei,
876 4362 921 4434 qui
938 4365 992 4417 vim
1013 4363 1135 4418 Geuitivi
1151 4363 1273 4420 caesuris
1295 4359 1473 4416 collocetioue'

310 4449 415 4497 suctum
434 4451 465 4498 ut
480 4445 528 4514 18,
546 4449 588 4501 18.
605 4463 658 4500 nou
672 4448 853 4517 persentiscit.
879 4451 921 4503 De
935 4449 1026 4504 serbis
1041 4449 1155 4523 gcnfflus
1169 4451 1256 4505 minor
1269 4447 1391 4502 lienem
1404 4462 1458 4518 quo

311 4541 364 4597 qne
378 4527 448 4584 dixit
461 4531 496 4586 sd
510 4532 604 4586 Senot·
617 4531 686 4588 Min.
706 4534 742 4589 ll.
758 4551 788 4604 p.
800 4535 862 4590 121.
