3458 5318
204 546 246 612 53
320 543 601 609 cotssffiN'rARn
623 545 666 606 ΙΝ
688 544 855 606 llORdTll
874 545 950 604 LlB.
967 545 988 604 l.
1019 543 1142 606 EPlST.
1163 543 1252 606 DEC.
1319 541 1360 606 53

204 731 226 788 l.
256 731 292 795 dc
311 731 382 794 Hor.
410 729 454 790 Fl.
476 729 569 808 Epist.
600 751 631 808 p·
655 731 705 796 23.
729 731 768 790 N.
792 731 834 806 9.,
871 733 1072 807 Groteftndrcr
1093 734 1112 790 l.
1134 732 1153 792 l.
1175 754 1205 811 p.
1227 729 1299 798 474.
1331 739 1361 794 et
1491 813 1495 821 ¹

207 830 455 894 Walckmcerr'm
475 831 510 892 11.
534 852 563 910 p.
578 831 650 896 294.
669 835 765 904 Qum
787 835 978 910 coniecturam
999 853 1085 912 quuru
1106 857 1198 914 neque
1218 835 1361 896 affirmare

202 953 294 1010 nque
311 953 419 1012 negare
442 935 547 1010 numm,
569 934 647 998 haud
668 937 730 996 scio
750 955 788 996 au
808 935 880 1012 aliu,
900 953 956 1012 qua
973 935 1042 999 haec
1060 937 1191 1016 Epistola
1211 955 1274 996 cum
1293 957 1362 1016 sep·

201 1033 268 1099 tima
285 1036 408 1108 arctiore
429 1037 542 1100 vinculo
563 1037 714 1114 conjuncta
735 1039 791 1112 sit,
814 1041 904 1116 magis
924 1037 1074 1115 probanda
1095 1041 1234 1102 videatur.
1271 1039 1359 1115 Quid,

202 1136 226 1196 si
245 1137 403 1215 Epistolam
424 1157 458 1200 oo
479 1139 541 1201 tero
558 1143 688 1215 tempore
710 1141 847 1217 scriptam
869 1140 1033 1216 credamus,
1054 1159 1111 1219 quo
1129 1143 1280 1202 Maecenas
1298 1140 1360 1202 llo·

200 1239 266 1301 retii
285 1238 444 1303 mserum
461 1257 549 1317 neme
571 1238 707 1300 terebat?
734 1241 832 1316 Quid,
863 1241 887 1298 si
911 1239 1070 1317 Epistulam
1091 1243 1129 1302 ad
1146 1243 1288 1318 Fuscum,
1314 1243 1362 1319 qni

199 1343 276 1406 idem
296 1341 371 1403 haud
402 1339 486 1404 dubie
521 1339 698 1404 Maecenatis
724 1350 803 1402 esset
834 1344 958 1418 amiens,
991 1345 1106 1404 missam
1139 1345 1303 1421 opinemur,
1331 1349 1363 1402 ut

200 1462 285 1521 quam
303 1446 363 1506 vita
384 1444 493 1504 rustica
509 1459 578 1518 prae
599 1447 729 1520 quaesita
750 1443 799 1505 illa
831 1445 937 1504 aulicae
970 1445 1045 1504 ritae
1078 1445 1212 1506 felicitate
1243 1442 1363 1504 haberet

199 1545 375 1623 libertatem,
397 1543 528 1622 exemplo
549 1549 629 1621 quasi
647 1545 915 1608 demonstraretur?
934 1547 1079 1624 Quidquid
1103 1552 1159 1622 est,
1180 1564 1265 1604 omne
1285 1546 1363 1623 quod

198 1647 335 1714 Horatiae
355 1647 398 1706 ita
418 1645 575 1725 spectavit,
606 1647 680 1708 illius
702 1648 824 1725 Apologi
859 1648 1002 1706 involucro
1033 1649 1188 1727 prudenter
1209 1652 1362 1712 obduratum

199 1749 316 1810 videbis.
361 1746 456 1810 Sinnile
485 1748 550 1824 quid
572 1751 662 1808 sensit
681 1749 733 1810 Vir
754 1750 854 1808 doetus
875 1750 991 1827 quidam
1011 1752 1040 1807 in
1071 1751 1242 1811 Zimmcrm.
1264 1753 1361 1830 „Poe-

198 1854 267 1930 dnss·
292 1849 392 1910 Philol.
414 1848 472 1910 Lit.
494 1849 595 1911 Blatt“
618 1853 709 1916 1827.
732 1851 766 1912 ll.
784 1871 814 1929 p·
835 1852 904 1914 168.
949 1852 1084 1910 Ceterum
1110 1855 1265 1932 comprobo
1284 1857 1361 1932 quod

198 1953 236 2016 de
268 1951 321 2016 lrac
341 1950 472 2030 Epistola
500 1951 568 2011 ucis
595 1951 732 2026 jndieium
767 1951 1016 2012 Walckenuerc'us
1042 1952 1090 2031 (ll.
1111 1974 1142 2033 p.
1163 1957 1254 2035 295):
1277 1955 1360 2034 „Lar

198 2055 286 2118 botes
307 2057 440 2118 maximes
463 2055 501 2112 du
522 2052 668 2114 stoicisnre
688 2073 725 2112 ne
742 2060 810 2112 sont
829 2055 999 2133 presentdes
1016 2057 1087 2118 dans
1103 2075 1196 2118 arrcun
1208 2061 1262 2118 des
1274 2059 1360 2118 ecrits

196 2159 235 2220 dn
264 2161 347 2218 notre
379 2156 466 2233 poete
498 2172 567 2213 avec
595 2153 659 2231 plus
690 2157 727 2214 de
756 2155 836 2214 force
865 2158 953 2216 etde
975 2156 1165 2235 charmeque
1188 2161 1259 2218 ulans
1284 2164 1361 2222 cette

197 2263 297 2324 mune
322 2255 431 2335 epitre,
456 2257 494 2317 orl
517 2273 549 2314 se
569 2256 753 2318 manifestent
774 2259 801 2316 la
824 2261 972 2320 tendresse
999 2262 1036 2318 de
1065 2259 1158 2336 l'ami,
1187 2261 1216 2323 la
1241 2277 1360 2338 sagcsru

195 2362 235 2428 dn
253 2359 424 2439 philosophe
455 2365 485 2418 et
505 2356 533 2417 le
551 2358 643 2418 taient
664 2359 702 2416 du
717 2361 814 2438 poete.
856 2363 970 2422 Horace
996 2384 1014 2440 y
1041 2367 1155 2424 mentm
1181 2363 1260 2424 aussi
1283 2369 1359 2424 cette

193 2461 357 2526 inclinatior
375 2459 540 2538 presencie
561 2479 635 2538 pour
658 2459 687 2520 la
707 2461 751 2522 vie
771 2463 950 2542 dampetra,
974 2464 1043 2542 qu'il
1062 2482 1200 2526 conserva
1218 2465 1358 2542 touiours.

193 2565 288 2645 Epod.
306 2563 343 2624 ll.
365 2561 462 2620 Carm.
480 2560 505 2638 1,
522 2558 553 2626 4.
572 2562 603 2622 7.
622 2561 672 2640 lv,
690 2565 720 2624 7.
742 2595 786 2610 ·-
806 2565 868 2625 Sat.
887 2565 924 2643 ll,
944 2567 974 2630 6.
994 2566 1087 2646 Epist.
1104 2566 1129 2642 l,
1146 2570 1176 2634 7.
1193 2565 1243 2635 14·
1260 2567 1333 2632 165⁶

276 2765 434 2845 Epistolam
454 2781 481 2822 a.
502 2783 531 2826 u.
549 2764 622 2828 735.
647 2765 857 2846 Grotesendus,
879 2791 905 2830 a.
925 2793 953 2830 u.
976 2771 1048 2834 737.
1072 2770 1244 2840 Kirclurer„
1270 2768 1358 2828 Orel-

191 2873 273 2939 lircr,
303 2863 575 2935 Walokenaeriuc,
597 2884 623 2924 ὃ·
645 2865 717 2932 742.
748 2869 909 2949 Valerius,
930 2877 998 2950 post
1016 2892 1120 2931 annum
1141 2870 1216 2933 734.
1244 2871 1357 2946 quidem

194 2975 269 3032 Car.
296 2967 461 3026 Paaroviur
481 2965 535 3041 (N.
559 2965 634 3046 281)
653 2971 788 3052 scriptam
810 2971 972 3048 opinantur.
990 3007 1033 3018 -
1050 2973 1096 3031 De
1113 2973 1210 3030 Flcscc
1227 2967 1355 3044 Aristeia,

190 3093 280 3156 quem
301 3069 347 3133 hic
359 3067 442 3157 ¹,loro
461 3068 634 3142 eupatorem
653 3071 878 3148 tragoediarum
899 3077 1001 3146 vocat,
1030 3072 1189 3150 Porphyrio
1217 3087 1273 3130 una
1293 3089 1356 3130 cwn

190 3176 276 3242 codd.
296 3171 431 3234 Buodin.
452 3186 500 3246 ap.
515 3167 566 3231 Cr.
587 3170 759 3247 scriptorem
780 3171 1011 3247 comediarum,
1025 3171 1119 3230 Sohol.
1136 3173 1224 3250 Cmq.
1241 3170 1355 3230 Gram-

190 3279 345 3348 matieum,
366 3269 478 3331 Horatii
499 3269 716 3332 familiarissimo
736 3275 794 3332 vid.
810 3271 867 3333 Od.
887 3277 916 3351 1,
928 3277 980 3339 22.
1001 3271 1083 3352 (ibiq.
1101 3273 1166 3332 Jan.
1182 3279 1211 3332 et
1224 3271 1354 3352 lditsclr.)

189 3383 254 3441 Sat,
276 3382 306 3455 1,
323 3379 356 3452 9,
378 3376 430 3438 61:
453 3369 534 3451 (ibiq.
554 3371 672 3454 Helnd.)
707 3375 759 3452 10,
792 3375 844 3440 83.
877 3380 907 3433 et
943 3373 1109 3454 Glandorp.
1140 3376 1169 3433 in
1198 3373 1351 3432 Onomast.

189 3507 220 3566 p,
246 3483 318 3550 116.
339 3478 435 3558 (quem
454 3475 633 3536 Weiehertus
654 3479 831 3556 perabsurda
852 3478 1032 3556 congessisse
1048 3475 1140 3556 dicit),
1160 3475 1263 3555 Lang.
1279 3475 1351 3536 Vm-

189 3589 247 3648 diu.
268 3583 356 3658 ling.
374 3581 459 3640 Rom.
478 3598 508 3657 p.
538 3578 599 3656 10,
631 3580 794 3640 Weiclrert.
832 3580 913 3640 Poet.
943 3580 994 3639 lat.
1024 3579 1117 3658 Reliq.
1147 3599 1177 3658 p.
1205 3579 1287 3656 220,
1313 3579 1347 3638 0.

190 3690 319 3748 Pascua.
337 3683 378 3742 Ν.
401 3677 473 3744 154.
491 3683 577 3751 Quod
593 3683 624 3742 in
644 3685 768 3762 antiquis
790 3685 904 3761 scriptis
922 3682 1025 3744 Bland.
1043 3683 1164 3761 legitur:
1194 3680 1253 3739 Aa
1272 3680 1351 3740 Ari-

191 3791 282 3850 ruam
301 3783 434 3843 marm
460 3783 701 3841 Grammatioum
729 3787 761 3842 in
782 3783 855 3843 urbo
880 3794 1126 3858 comuwruntem,
1158 3791 1203 3846 est
1229 3783 1350 3862 exlege

191 3891 306 3974 quidem
325 3886 461 3966 linguae,
488 3885 592 3944 sedet
613 3885 670 3947 Od.
693 3889 725 3964 2,
747 3891 778 3962 2,
801 3889 832 3952 3.
852 3889 915 3946 Sat.
937 3891 965 3964 1,
987 3887 1019 3963 9,
1041 3889 1092 3950 61.
1115 3905 1273 3963 cognomen
1296 3905 1349 3945 no-

191 3995 258 4056 mini
276 3989 375 4070 gentili
395 3991 589 4072 praeponitur.
632 3989 670 4048 lis
695 3991 869 4066 editoribus,
899 3993 945 4068 qui
976 3987 1021 4048 rel
1042 3979 1111 4049 talia
1131 3989 1262 4067 exempla
1290 3989 1350 4047 col-

190 4097 322 4172 legerunt
342 4092 387 4156 rel
409 4111 508 4155 eorrrm
525 4091 620 4171 legem
640 4093 798 4154 accuratius
819 4093 1017 4168 definivemnt,
1038 4092 1113 4150 adde
1132 4089 1191 4168 (cd.
1209 4095 1236 4156 1.
1259 4112 1289 4170 p.
1305 4089 1349 4166 6.)

193 4199 284 4262 Dfihn
301 4197 339 4254 nd
358 4195 437 4272 Nep.
459 4194 522 4254 Art.
545 4193 594 4258 15.
615 4193 766 4256 Weiclrert.
787 4195 807 4256 l.
824 4195 844 4256 l.
866 4217 896 4274 p.
920 4195 970 4259 93.
987 4193 1079 4254 Kritz.
1097 4193 1191 4252 maes.
1217 4196 1256 4252 ad
1276 4191 1347 4252 Sall.

192 4303 256 4360 cst
288 4319 317 4380 p.
338 4295 428 4356 XXll.
461 4299 497 4356 ad
522 4297 621 4357 Vellei·
649 4317 679 4376 p.
703 4297 774 4361 177.
806 4299 933 4375 Herzog.
961 4295 999 4354 ad
1022 4297 1106 4354 Caes.
1130 4293 1165 4352 Β.
1185 4295 1220 4353 C.
1245 4298 1275 4371 2,
1297 4293 1347 4356 83.

191 4401 314 4466 Ellendt.
337 4401 374 4459 ad
399 4399 462 4460 cic.
484 4404 521 4460 de
542 4399 595 4460 Or.
617 4403 648 4477 2,
670 4401 722 4477 62,
745 4401 816 4467 253.
839 4399 942 4460 Eckst.
964 4397 1080 4475 Proleg.
1113 4398 1150 4453 ad
1177 4395 1249 4454 Tae.
1270 4395 1347 4455 Dial.

190 4526 221 4584 p.
244 4505 273 4570 5.
292 4505 382 4572 Heus.
402 4511 432 4564 et
454 4503 554 4564 Pabst.
576 4505 614 4564 ad
636 4505 719 4569 eund.
740 4523 765 4562 c.
787 4505 815 4568 1.
835 4485 957 4582 Rupert.
978 4499 1040 4559 Iud.
1062 4497 1136 4556 Tac.
1158 4495 1208 4557 Ill.
1228 4518 1259 4577 p.
1275 4493 1348 4566 824.

190 4608 324 4673 Ceterum
354 4625 390 4668 ex
420 4606 517 4670 libello
543 4627 562 4666 a
592 4627 640 4670 ma
668 4607 838 4671 Helmstadii
870 4607 952 4672 1822
983 4601 1061 4662 edito
1090 4597 1183 4674 „Das
1204 4600 1272 4662 Lab
1296 4601 1348 4660 des
