3458 5318
328 521 369 591 14
432 525 714 590 committit
735 527 779 588 [Ν
798 524 967 588 nostru
987 525 1064 588 LlB.
1089 529 1111 587 Ι.
1136 525 1260 587 EPlST.
1284 527 1377 588 OCT.
1446 531 1485 595 11

326 715 437 788 melitii
463 716 633 793 interpretis
663 716 719 790 sit,
758 713 826 773 nihil
858 715 896 773 de
928 731 980 773 sue
1011 715 1143 794 opinione
1178 715 1306 791 lingere,
1347 717 1487 793 maenus,

325 820 475 882 Horatium
494 838 528 876 ee
544 819 640 895 ipsum
659 817 861 894 descripsisse,
882 818 962 894 cujus
982 833 1042 874 nou
1054 821 1114 876 tam
1128 833 1233 894 eorpus
1248 833 1333 892 quum
1346 815 1487 896 emmor)

327 924 426 983 morbo
447 922 601 981 laboraret.
644 915 745 976 Variae
765 917 848 994 hujus
867 916 960 977 morbi
980 935 1080 976 eerrsae
1102 918 1228 976 enodem
1248 917 1299 977 Fr.
1329 917 1487 976 Jooobriu'r

325 1027 344 1085 l.
367 1025 387 1084 l.
409 1045 439 1103 p.
460 1018 576 1086 836'et
600 1019 811 1080 Walokenuer.
831 1019 867 1079 Π.
888 1039 918 1098 p.
941 1015 1002 1082 149
1030 1039 1074 1098 sq.
1109 1019 1214 1095 Neque
1244 1025 1342 1080 nmen
1371 1025 1487 1098 oportet

326 1127 432 1185 Arroni
453 1122 642 1184 assentimur
669 1122 708 1182 ed
731 1121 766 1180 A.
793 1119 826 1180 Ρ.
851 1122 1060 1198 3028116111,
1089 1121 1261 1197 „Horatium
1292 1121 1348 1180 dici
1379 1119 1486 1179 melan·

326 1228 466 1288 oholioum
484 1226 606 1284 fuisse.“
648 1224 684 1282 ln
704 1241 765 1282 rem
785 1222 903 1282 laudaut
930 1223 1100 1302 llippocrat.
1131 1221 1204 1299 Apu.
1234 1226 1272 1298 2,
1302 1223 1333 1283 6.
1365 1218 1486 1284 Ὁπόσοι

326 1326 484 1401 πονέοντὲς
504 1351 532 1389 τι
553 1323 764 1405 τοῦσώματος
784 1321 821 1388 roi
845 1319 940 1386 rullei
969 1329 1029 1386 eois
1059 1318 1163 1388 πόνων
1188 1316 1246 1386 oria
1273 1319 1487 1394 αἰσθάνονται,

325 1429 489 1493 τουτέοισιν
518 1421 664 1508 pyropo
683 1425 790 1490 rooier.
832 1427 968 1486 Similiter
989 1428 1074 1486 Ovid.
1097 1425 1189 1486 Trist.
1215 1427 1249 1502 3,
1277 1428 1309 1502 8,
1327 1427 1379 1491 82.
1419 1426 1487 1484 Nee

326 1534 432 1592 melitae
457 1532 552 1590 valeo.
588 1549 681 1608 quam
703 1549 842 1608 corpore,
874 1540 985 1606 urente,
1012 1527 1067 1586 eed
1084 1545 1178 1604 aegra
1194 1538 1237 1584 eet
1262 1527 1398 1607 Utraque
1410 1547 1487 1605 pars

325 1645 381 1697 etc.
406 1635 470 1694 Lis.
493 1637 546 1709 21,
568 1631 621 1707 53,
643 1635 672 1696 2.
691 1649 763 1688 eum
780 1631 958 1709 (Cornelium
968 1627 1143 1710 Scipionem)
1162 1631 1264 1688 anim
1278 1631 1378 1708 nugis
1394 1647 1487 1708 quam

326 1757 445 1816 corpore
465 1754 602 1815 aegrum.
634 1731 706 1790 Plin.
727 1733 821 1811 Epist.
844 1732 880 1808 9,
902 1736 962 1808 22,
986 1732 1018 1795 3.
1050 1751 1112 1788 nors
1131 1733 1232 1790 minue
1257 1750 1348 1810 aeger
1371 1733 1487 1802 anuo,

325 1859 419 1920 quam
439 1857 559 1915 corpore
576 1835 637 1896 illo.
662 1837 765 1894 Seuec.
788 1835 825 1893 de
843 1833 953 1913 Trauq.
976 1851 1022 1893 au.
1047 1836 1077 1897 1.
1110 1833 1150 1891 In
1176 1843 1260 1891 statu
1288 1844 1323 1890 ut
1341 1853 1402 1890 nors
1419 1852 1487 1911 pee-

324 1942 409 2014 eimo,
433 1941 478 1999 iro
500 1940 630 1997 maxime
661 1936 785 2015 querulo
817 1949 846 1993 er
869 1955 983 1994 moroso
1002 1937 1120 2014 positus
1150 1955 1237 1993 eum.-
1271 1954 1325 1994 neo
1353 1945 1487 2014 aegroto,

325 2063 380 2100 neo
403 2039 500 2104 valeo.
530 2041 591 2098 Cio.
610 2037 700 2097 Tusc-
722 2039 754 2114 3,
779 2043 809 2114 3,
831 2039 862 2101 ὁ.
893 2040 1073 2116 animusque
1099 2057 1205 2118 aeger,
1229 2048 1264 2098 ut
1285 2041 1331 2095 ait
1353 2038 1486 2107 Ennius,

324 2165 439 2223 semper
452 2154 548 2219 mut,
566 2161 660 2220 neque
669 2142 748 2218 pati,
769 2161 864 2219 neque
874 2143 994 2218 perpeti
1008 2150 1105 2218 potest
1109 2162 1123 2214 ,·
1138 2160 1245 2220 erepere
1265 2161 1422 2220 nrtnquom
1436 2141 1486 2198 de-

229 2251 234 2264 ·
324 2249 406 2306 ..·...·ι.
427 2246 498 2306 utu.
519 2243 550 2319 4,
575 2243 625 2319 13,
644 2243 697 2304 so.
720 2242 788 2319 ibiq.
807 2242 936 2300 sooner.
971 2241 1041 2302 oue
1061 2243 1198 2304 ueneno.
1229 2243 1279 2304 ur.
1300 2244 1353 2306 75.
1380 2262 1410 2321 p.
1433 2242 1485 2306 91.

324 2347 447 2428 (Diibu.)
470 2341 591 2408 llilruiv
605 2344 667 2407 ἐστι
682 2341 771 2424 uuipo'
792 2337 817 2424 γ’
838 2337 861 2422 ἢ
881 2340 986 2424 ψυχήν
1008 2351 1118 2408 νοσεῖν.
1148 2347 1209 2406 Cic.
1232 2346 1269 2404 de
1291 2345 1356 2403 Fiu.
1380 2348 1410 2420 1,
1435 2345 1486 2420 18,

325 2449 377 2512 69.
399 2449 507 2527 quodsi
527 2447 658 2524 eorporis
674 2443 867 2524 gravioribus
887 2446 998 2504 morbis
1018 2450 1097 2505 vitae
1111 2449 1291 2520 jucunditas
1304 2447 1485 2523 impeditum

325 2562 438 2630 quanto
459 2553 559 2628 magis
579 2550 676 2606 αιιίιιιί
696 2547 803 2608 mrsu
827 2550 968 2627 impedere·
989 2571 1103 2610 neonae
1127 2559 1179 2607 est.
1219 2549 1403 2628 Quapropter
1424 2549 1485 2608 Ho-

323 2655 415 2711 ratius
438 2652 496 2710 Oct.
522 2655 551 2727 1,
570 2653 623 2726 31,
648 2651 697 2712 18.
718 2657 867 2729 precatur:
889 2651 1094 2729 &raperetis
1112 2663 1139 2709 et
1154 2651 1254 2710 valido
1269 2651 1354 2726 miti,
1374 2651 1486 2722 Lutoe',

327 2755 418 2811 dones
432 2765 472 2824 et,
484 2771 602 2830 precor,
620 2753 738 2830 integra
754 2751 829 2812 Cum
843 2765 947 2812 mente.
966 2785 1009 2798 —-
1022 2753 1057 2812 V.
1078 2757 1107 2818 8.
1130 2753 1191 2810 Ml
1200 2753 1308 2811 andus
1319 2754 1423 2828 velim,
1440 2754 1488 2811 ru'l

325 2857 443 2916 discere.
471 2857 565 2934 Supra
587 2859 616 2930 1,
641 2858 671 2930 1,
693 2853 744 2916 48.
780 2856 905 2914 Discere
922 2867 949 2912 et
971 2855 1089 2926 ardue,
1115 2855 1163 2914 ubi
1187 2856 1253 2914 vide
1281 2877 1311 2935 p.
1332 2857 1383 2918 66.
1427 2857 1485 2916 Ce-
1511 2849 1516 2860 ¹

324 2967 418 3018 terum
437 2957 545 3034 omnis,
566 2971 640 3033 quiae
663 2957 707 3014 hie
726 2957 898 3018 describitur
920 2959 1032 3018 vivendi
1053 2959 1144 3034 ratio,
1174 2964 1221 3016 est
1241 2977 1288 3037 op.
1310 2957 1377 3019 Tib.
1400 2963 1431 3036 2,
1453 2959 1484 3035 5,

327 3061 399 3124 110.
415 3059 506 3140 faveo
529 3057 650 3130 morbo,
683 3079 730 3138 ap.
754 3061 814 3119 Cic.
837 3061 876 3118 ad
892 3057 979 3118 Attio.
1004 3061 1064 3135 12,
1088 3061 1146 3137 18,
1169 3063 1197 3122 1.
1234 3063 1324 3138 quasi
1338 3059 1485 3139 florebam

324 3163 438 3220 dolores
454 3180 555 3238 mooe,
575 3179 622 3239 ap.
645 3161 913 3238 Chrysost.Homil.
935 3159 982 3220 IV.
1004 3179 1034 3238 p·
1059 3163 1130 3225 116.
1148 3161 1252 3223 Matth.
1280 3162 1485 3242 ἐνηδυπαθεῖν

325 3266 366 3346 epi
386 3255 542 3340 τραύματι.
563 3293 606 3306 -
628 3261 714 3321 levet.
747 3263 792 3320 lta
814 3260 882 3319 Tib.
906 3263 946 3338 4,
968 3263 1081 3338 4,10.
1117 3283 1240 3343 corporo
1256 3265 1344 3345 seara
1368 3267 1481 3323 mant.

326 3365 412 3423 ovid.
425 3361 515 3422 Trist.
530 3364 619 3441 3,3,
634 3365 684 3428 10.
706 3361 824 3420 Nullus
833 3361 998 3440 Apollinea
1016 3367 1070 3443 qui
1088 3363 1165 3426 levet
1180 3377 1245 3425 arte
1260 3365 1387 3426 melsun.
1411 3367 1484 3429 lbid.

324 3467 357 3542 8,
380 3463 410 3541 6,
432 3463 484 3530 29.
504 3464 654 3532 oremale
668 3464 890 3524 mutulorum.
928 3464 971 3526 ld.
994 3485 1029 3526 ex
1049 3466 1133 3528 Pout.
1158 3472 1188 3545 1,
1209 3470 1242 3545 3,
1266 3472 1315 3533 17.
1343 3469 1418 3528 Non
1443 3479 1487 3527 eet

325 3569 359 3625 ιἰι
380 3563 494 3624 medico
515 3587 644 3646 semper,
664 3567 810 3630 relevetur
838 3579 873 3627 ut
896 3587 994 3648 aeger.
1025 3571 1108 3628 Curt.
1127 3571 1167 3646 8,
1188 3574 1227 3648 6,
1252 3575 1280 3637 2.
1311 3581 1486 3651 tantumque

324 3667 494 3727 virnmorbi
504 3673 625 3748 potione
639 3669 789 3731 medicato
805 3669 977 3730 honarum
994 3691 1054 3730 erue
1063 3675 1212 3748 promisit.
1225 3673 1387 3735 Murimimr.
1397 3676 1442 3736 El.
1453 3679 1484 3752 1,

327 3771 398 3835 175.
428 3771 522 3848 Quid,
537 3774 621 3852 quod
631 3773 720 3833 nulla
736 3774 840 3834 levam
856 3777 993 3832 αιιὶιιιιιιιι
1008 3773 1181 3851 spectaculo
1196 3795 1304 3838 rerum.
1354 3776 1417 3836 Alio
1434 3795 1483 3837 ex-

324 3875 419 3952 empla
442 3873 523 3932 verbi
543 3875 646 3935 medici
663 3879 848 3958 suppeditant
869 3875 981 3953 Beate,
1006 3877 1085 3949 Fra,
1114 3875 1249 3937 Sohmid.
1271 3881 1309 3938 ad
1335 3877 1428 4024 Epist.
1451 3881 1482 3954 2,
1525 3935 1526 3938 ,

324 3979 356 4052 2,
378 3977 451 4042 212.
474 3981 505 4034 et
526 3973 661 4035 Broukh.
680 3981 717 4038 ud
738 3979 827 4061 Prop.
849 3979 933 4057 1,9,
953 3975 1006 4043 84.

407 4076 443 4135 V
465 4079 568 4141 9.10.
605 4079 897 4142 Fido-veterno.
927 4079 996 4142 fid.
1019 4081 1072 4164 off.
1094 4081 1224 4144 medicis.
1259 4081 1358 4144 Schol.
1376 4082 1483 4160 Cruq..

406 4333 438 4406 ¹¹¹)
460 4337 548 4393 Nimis
562 4337 701 4392 subtiliter
714 4337 844 4392 morso.
860 4357 888 4409 p.
905 4334 974 4396 1242
1000 4339 1094 4409 „Auoh
1117 4339 1163 4393 bin
1182 4338 1227 4393 ioli
1241 4337 1395 4409 keirperliolt
1410 4337 1484 4391 nicht

323 4423 443 4492 unwolrl,
470 4423 602 4477 vielmehr
622 4423 695 4476 liihle
714 4423 761 4476 iah
781 4423 849 4476 miolr
865 4439 932 4492 ganz
947 4423 1050 4493 gesund
1065 4423 1138 4477 ete.“
1181 4425 1285 4478 contre
1313 4425 1340 4478 J.
1366 4422 1484 4477 Merlrel:

322 4507 425 4573 „Neiu,
438 4507 499 4561 weil
518 4509 637 4562 krinksr
650 4509 695 4562 die
710 4505 793 4575 Seel',
809 4509 849 4562 ale
865 4509 1030 4564 eimmtliohs
1045 4507 1159 4562 Glietler
1172 4507 1220 4564 dee
1235 4509 1365 4564 Laium-‘⁶
1398 4509 1440 4562 lte
1455 4515 1484 4561 et

322 4607 381 4646 eum
394 4592 485 4645 Schol.
502 4593 585 4662 Cruq.
603 4594 723 4650 Orelliue.
