3372 5328
171 543 212 610 98
259 540 752 607 connumerabuntur.
774 541 1193 615 ΕΡΙΒΤ.ΟΙ]ΙΝΤ.Ι)ΒΟΙΜ.
1245 539 1309 606 253

171 733 261 809 verit,
287 733 386 792 mirum
406 729 565 812 videbitur)
591 731 764 810 interroget,
797 733 823 791 ei
848 751 906 792 non
927 738 986 792 tem
1010 751 1084 810 eque
1104 733 1256 792 eisternine
1277 739 1308 790 et

172 837 305 911 fontenn,
337 855 394 912 quo
416 851 543 912 quaeque
563 841 609 892 est
629 834 805 910 discrimine,
831 835 911 892 cordi
932 835 1021 894 fuisse
1047 835 1158 894 videtur
1185 851 1267 910 quem
1292 853 1308 892 e

172 939 281 998 tutione
309 937 512 997 contrariorum
539 955 621 1014 aquo
648 939 807 994 oistemino
839 943 868 996 et
887 937 1020 1015 fontum
1046 938 1119 993 rivis
1148 933 1309 994 mobilibus

171 1042 334 1119 profluens,
351 1038 380 1115 *)
406 1037 597 1113 „diessendes
626 1039 847 1109 Quellwseser.“
886 1038 932 1098 tta
949 1040 1039 1116 jugis
1064 1058 1146 1118 oque
1171 1038 1244 1096 sonti
1265 1039 1311 1096 in-

172 1141 251 1200 eluso
275 1141 337 1200 sive
357 1159 448 1218 eques
472 1139 578 1219 puteoli
599 1140 740 1200 eontrerie
764 1141 875 1199 videtur
902 1159 965 1198 esse
990 1145 1074 1216 etque
1094 1140 1171 1198 bend
1192 1141 1251 1198 scio
1273 1158 1321 1212 en¹

172 1243 248 1303 idem
274 1242 439 1319 significarit
465 1241 607 1318 glossema
636 1259 683 1319 ep.
708 1241 789 1302 Fest.
815 1263 846 1321 p.
871 1243 922 1304 77.
948 1242 988 1301 Ν.
1009 1239 1065 1304 64:
1092 1241 1185 1320 juges
1210 1261 1308 1320 oquae

167 1353 310 1422 perpetuo
329 1344 464 1420 fluentes
488 1341 636 1401 diverunt
664 1343 804 1419 Etenim,
830 1348 862 1402 ot
885 1343 926 1401 eit
949 1341 1055 1402 Plinius
1076 1343 1113 1402 Β.
1134 1343 1173 1404 Ν.
1194 1343 1255 1418 81,
1280 1343 1310 1403 8.

171 1444 304 1503 utiliores
334 1465 413 1524 quoe
438 1444 596 1524 profluunt
626 1445 843 1504 existimantes:
882 1465 972 1504 eursu
1001 1446 1079 1502 enim
1106 1461 1312 1522 proortrsuque

173 1547 327 1604 estemeori
346 1556 437 1626 utque
451 1546 605 1625 proficere.
632 1547 712 1606 Vere.
729 1548 767 1607 Β.
780 1546 816 1606 Β.
837 1549 866 1622 1,
887 1550 937 1610 11.
959 1548 1099 1606 Primum
1117 1565 1213 1625 aqua,
1235 1565 1312 1624 quae
1408 1575 1412 1582 =

172 1647 217 1706 ibi
236 1651 277 1708 sit
295 1659 388 1722 uuto;
414 1647 596 1721 sumendum
617 1669 695 1729 quoe
713 1649 824 1727 influat
841 1651 989 1727 poenum.
1024 1649 1061 1708 Si
1085 1649 1205 1707 ommno
1230 1667 1312 1726 aquo

172 1770 234 1810 nore
255 1760 300 1809 est
318 1754 410 1822 uiuo,
436 1751 576 1810 obtsmoe
589 1751 752 1830 soeisndoe
772 1761 852 1810 sunt.
885 1751 1020 1810 Similiter
1040 1769 1114 1828 equs
1132 1770 1179 1830 ep.
1200 1749 1311 1810 Colum.

172 1851 211 1916 Β.
232 1851 270 1912 Β.
290 1853 325 1928 1,
347 1853 376 1914 b.
407 1854 440 1910 in
460 1853 641 1932 pluvialem,
660 1856 828 1932 fluentem,
851 1853 1005 1932 puteoleos
1029 1853 1228 1930 distinguitur,
1258 1852 1314 1910 nisi

175 1953 300 2030 quodie
320 1953 470 2014 coelestem
478 1999 491 2028 ,
512 1962 545 2016 ut
563 1955 705 2017 Pelledius
724 1956 762 2016 Β.
783 1957 818 2018 Β.
843 1959 879 2033 1,
902 1957 965 2032 17,
990 1953 1145 2014 sdubritsti
1163 1973 1313 2033 corporum

174 2055 494 2118 eeeommodetiseimem
521 2063 552 2117 et
575 2061 654 2138 potui
678 2059 906 2138 probatissimum
926 2055 1020 2115 hebet.
1053 2056 1185 2114 Ceterum
1207 2065 1313 2132 puteos

171 2175 317 2235 perennee
337 2159 446 2220 mttere
467 2159 563 2219 hebite
581 2179 671 2239 eques
690 2159 819 2240 pinvielis
840 2160 971 2242 eisternis
995 2157 1130 2218 collectee
1153 2159 1313 2234 sensimque

176 2258 330 2320 utrum
350 2261 405 2318 diei
425 2261 487 2340 quis
506 2268 567 2340 eet,
589 2265 636 2340 qni
651 2282 710 2322 non
728 2261 846 2322 videet?
868 2261 917 2320 Sic
933 2256 996 2318 Liv.
1011 2257 1042 2335 4,
1056 2259 1109 2336 80,
1124 2263 1156 2322 7.
1181 2259 1314 2318 coelestes

175 2379 286 2440 oquae¹
301 2369 482 2441 opponuntur
501 2363 682 2443 perennibus
700 2361 849 2427 omnibus.
880 2363 957 2422 idem
978 2359 1035 2438 42,
1055 2361 1113 2441 54,
1137 2363 1185 2424 11.
1211 2361 1315 2442 sonus

174 2464 352 2540 pmnt'ttm
370 2481 521 2543 aquarum
540 2467 621 2543 dixit,
642 2466 753 2527 cotum.
771 2465 807 2526 Β.
827 2465 864 2531 Β.
886 2467 915 2542 1,
934 2464 965 2528 8.
981 2466 1057 2545 fone
1071 2466 1222 2544 perennis,
1243 2463 1315 2524 Tse.

175 2563 250 2624 Hist.
268 2562 299 2641 8,
320 2567 368 2630 12.
384 2565 461 2645 sorte
474 2569 613 2646 pmnnie
629 2587 736 2648 equae.
756 2567 939 2647 Quapropter
955 2585 1013 2626 non
1031 2573 1102 2643 eret,
1124 2566 1201 2644 quod
1219 2565 1315 2624 Lom-

177 2665 269 2726 binue
288 2669 387 2746 puteis
404 2667 585 2748 perennibus
606 2671 713 2730 addere
726 2672 816 2750 jugie
836 2689 936 2750 aquae
963 2688 1168 2750 supemscunm
1194 2669 1315 2744 diceret,

176 2787 214 2828 ne
236 2770 307 2847 qnid
327 2771 418 2830 dicem
439 2773 475 2832 de
497 2773 670 2832 ebnndentie
689 2773 808 2849 quedem
835 2774 973 2832 sermonis
997 2770 1141 2832 veteribus
1167 2769 1317 2848 scriptori·
1342 2773 1350 2790 '

177 2869 231 2930 bus
254 2871 439 2931 usitetieeime
465 2880 496 2932 et
519 2891 538 2932 e
560 2871 696 2947 Bentlejo
721 2873 855 2950 exemplis
880 2873 1000 2932 solerter
1021 2873 1174 2947 illustrata,
1203 2871 1228 2930 si
1253 2870 1316 2946 quis
1423 2908 1426 2918 .

177 2971 255 3031 sorte
276 2989 377 3048 equum
397 2973 547 3052 putentem,
570 2992 642 3050 qnee
662 2991 802 3048 nunquam
823 2972 946 3050 deficiet,
968 2975 1023 3036 sed
1040 2991 1152 3050 semper
1172 2972 1317 3046 steterint,

177 3072 333 3151 significari
347 3075 461 3136 meruit.
472 3075 521 3153 **)
542 3074 651 3151 Negeri
668 3074 743 3133 enim
757 3075 864 3149 nequit,
886 3075 963 3152 quod
980 3075 1152 3155 interpretes
1169 3089 1228 3132 nen
1249 3073 1319 3132 setis

179 3175 385 3253 observarunt,
396 3181 507 3256 jugem
526 3197 640 3256 aquom
660 3181 692 3236 ut
706 3195 885 3254 perennem,
906 3175 1054 3256 liqmuiom
1079 3175 1197 3255 [Unger.
1215 3172 1319 3236 Persd.

179 3277 277 3340 Theb.
297 3299 326 3358 p.
353 3278 422 3357 189]
443 3282 528 3339 modo
548 3279 737 3355 cisterninam,
762 3278 848 3338 modo
868 3280 976 3357 puteeli
996 3278 1110 3358 opponi.
1138 3277 1201 3336 cte.
1219 3275 1260 3336 Ν.
1279 3273 1318 3334 Ι).

181 3380 217 3457 2,
239 3381 297 3458 18,
318 3381 369 3444 81.
399 3381 540 3440 Etr'amm
550 3381 697 3461 sunonem
718 3400 778 3439 esee
801 3391 896 3438 terrae
915 3390 1027 3438 motum
1049 3399 1149 3460 oquae
1160 3380 1250 3457 jngis
1269 3396 1318 3435 oo·

181 3480 242 3540 lore
259 3483 487 3559 praesentiunt?
507 3485 550 3544 ld.
574 3486 603 3560 1,
623 3485 675 3560 50,
699 3485 771 3548 112.
799 3501 893 3561 quum
909 3483 1030 3542 uidisset
1044 3482 1185 3542 Ιιαιισταω
1203 3499 1317 3560 aquom

182 3583 219 3644 de
230 3585 310 3663 jugi
325 3593 424 3662 puteo.
458 3585 526 3645 sut.
550 3585 615 3662 Jng.
636 3585 694 3661 89,
714 3587 743 3647 6.
781 3583 941 3662 Cupeerme
968 3605 1032 3644 uno
1058 3584 1143 3644 modo
1168 3593 1258 3663 atque
1283 3601 1319 3640 ea

182 3689 264 3746 bebo
285 3687 428 3766 oppedum
436 3730 448 3760 ,
463 3689 536 3768 jugi
554 3707 636 3767 oque
642 3727 655 3759 ,
672 3697 766 3745 esum
778 3685 889 3764 pluvis
906 3685 1074 3751 nubantur.
1103 3687 1240 3746 Horatius
1257 3687 1319 3763 ipse

184 3789 245 3852 su.
268 3793 305 3867 2,
327 3792 365 3867 6,
388 3793 418 3857 2.
448 3800 477 3848 et
496 3801 569 3848 teoto
589 3790 707 3849 vioinue
718 3791 810 3869 jugie
829 3809 928 3869 oqzeoe
940 3789 1017 3870 sone
1040 3789 1148 3850 fontem
1174 3789 1320 3868 profluen-

189 3913 397 3926 -ιι-ι-

269 3991 299 4063 *)
313 3996 353 4050 De
367 4000 439 4053 dulei
450 4015 523 4068 opes
535 3999 638 4068 eune,
657 4013 709 4052 nen
724 3998 817 4052 eeidse
831 3997 956 4069 opposite
968 3999 1004 4053 ei.
1016 3997 1129 4052 Reines·
1150 3996 1186 4048 V.
1200 3995 1234 4048 1..
1248 3993 1275 4062 8,
1290 3991 1320 4052 1.

188 4078 319 4134 Adienos·
334 4085 360 4150 2,
373 4081 401 4138 5.
414 4103 444 4158 p.
454 4083 490 4144 tt
503 4101 564 4156 epp.
578 4085 612 4154 (l.
624 4101 653 4156 p·
665 4085 716 4140 160
729 4082 868 4154 Sohwgh.)
881 4085 960 4154 virg.
973 4083 1034 4138 Ed·
1048 4083 1082 4152 5,
1094 4078 1140 4137 47·
1165 4081 1219 4134 Gt·
1233 4073 1261 4146 4,
1276 4078 1320 4130 ⁶1·

188 4165 256 4220 Aen.
270 4166 297 4232 1,
311 4168 372 4222 167.

274 4245 317 4320 ”)
339 4253 450 4308 Ονσῑῐίιιι
469 4270 561 4324 ptrnm
580 4259 702 4308 neenrste
717 4251 857 4322 distinxit,
879 4269 957 4324 quum
976 4253 1095 4306 dicerets
1119 4249 1208 4320 „Volo
1228 4261 1322 4316 equum

190 4335 339 4405 sermnem,
361 4354 413 4391 non
427 4338 541 4408 pluviem
553 4339 582 4393 in
595 4339 719 4395 eisternis
733 4339 886 4408 collectum,
909 4337 1056 4409 etquidem
1070 4345 1167 4406 puteos
1181 4347 1322 4404 perennes,

192 4420 236 4492 qni
251 4437 356 4492 semper
368 4439 461 4493 equam
474 4425 657 4494 proebeent.“
683 4425 743 4478 Heo
762 4425 985 4494 interpretatione
1004 4419 1193 4490 tautologiam,
1216 4418 1250 4471 de
1270 4433 1323 4486 que

193 4505 321 4562 eollidtne
333 4525 394 4562 esee
407 4525 461 4562 non
470 4508 602 4579 debebet,
616 4508 748 4564 subletum
758 4509 891 4580 opinetur.
919 4509 1005 4562 Recte
1017 4513 1104 4560 entem
1114 4505 1211 4572 dotet,
1225 4501 1323 4556 nullom

193 4587 327 4648 librerium
346 4595 457 4650 verbum
470 4595 548 4668 iugis
566 4595 651 4650 ninus
664 4600 754 4652 notun
774 4593 911 4654 sonnino
933 4593 1016 4650 deloie
1035 4591 1210 4646 substitutum
1229 4589 1323 4644 inisse.
