3380 5324
331 483 397 548 360
438 485 701 546 0οΜΜΕΝΤ.1Ν
716 485 808 546 noa.
833 485 944 550 Liar.
977 485 1225 547 erisiam.
1241 485 1370 551 nactur.
1437 491 1474 552 tz‘.

298 641 317 696 .'
332 675 416 734 qnam
435 657 529 715 verius
548 656 585 713 de
603 657 677 714 omni
694 675 728 714 re
746 652 810 714 olim
830 655 984 732 disputarit
1006 655 1196 715 Weichertur
1213 657 1347 732 (Produc.
1363 659 1399 718 ds
1417 657 1474 735 Qu.

331 761 440 820 Huar.
462 757 510 818 Π.
530 759 627 836 Epist.
647 777 677 836 p.
693 755 772 831 th),
790 775 876 833 quun
897 755 1045 817 Horatium
1064 759 1094 816 id
1115 767 1262 837 spectasse
1276 762 1412 838 lingeret,
1434 769 1475 824 ut.

332 881 405 939 quae
432 879 494 922 curn
515 860 645 936 Augusto
670 866 700 918 et
720 858 884 918 Maecenate
904 859 959 936 ipsi
981 857 1170 921 intercederet
1190 863 1386 936 necessitudo,
1415 861 1476 939 pla-

331 982 397 1022 annr
425 963 531 1022 iaceret
554 981 588 1020 ac
613 959 650 1018 de
676 947 806 1038 speciosa
832 959 914 1016 istius
941 961 1013 1018 ritae
1039 980 1073 1018 ac
1095 964 1311 1022 necessitudinis
1343 964 1477 1022 felicitate

331 1065 400 1142 qaid
422 1063 485 1141 ipse
506 1064 640 1136 sentiret,
661 1061 823 1138 simpliciter
842 1061 985 1120 edoceret.
1028 1061 1073 1117 ab
1088 1060 1141 1120 hoc
1163 1065 1304 1122 sententia
1327 1083 1383 1122 non
1404 1065 1477 1122 mul·

331 1173 390 1222 tum
416 1163 548 1224 abhorret
579 1162 774 1223 Wiclondr'us
799 1161 837 1220 N.
857 1163 887 1223 3.
911 1162 973 1222 coll.
1005 1163 1072 1224 Gur.
1097 1166 1220 1224 Puesov.
1252 1163 1289 1224 N.
1311 1166 1381 1228 256.
1403 1167 1475 1228 282.

271 1344 275 1353 Ι
331 1265 501 1343 Eleganter,
531 1273 563 1325 ut
583 1266 674 1342 solet,
706 1266 743 1324 de
770 1265 911 1323 sententia
938 1264 1020 1341 hujus
1035 1285 1162 1344 ·quoque
1191 1267 1337 1346 Epistulae
1361 1269 1476 1326 disserit

330 1366 382 1426 Fr.
403 1365 595 1447 laeserim)
631 1367 666 1428 V.
689 1388 719 1448 p.
740 1365 781 1428 75
804 1385 863 1442 sq,
889 1383 1050 1443 quanquam
1071 1388 1105 1426 ea
1132 1377 1299 1446 praecepta,
1322 1387 1394 1445 quae
1415 1387 1475 1427 ma-

330 1471 375 1547 gis
396 1469 593 1529 delectationis
606 1487 692 1528 causa
713 1470 819 1546 scripta
836 1473 917 1542 sunt,
942 1485 1041 1528 serere
1062 1471 1099 1528 acl
1120 1487 1247 1529 normam
1268 1472 1409 1548 quandam
1428 1491 1476 1528 re-

330 1571 443 1630 tulisset
468 1569 580 1630 nollem.
630 1571 739 1630 Contra
766 1567 966 1647 Grotefiudus
993 1567 1153 1647 (‚,hllgenr·
1183 1571 1359 1650 lincyclop.“
1388 1573 1423 1635 X.
1445 1593 1474 1651 p.

330 1669 409 1748 l‘lh)
431 1674 460 1730 in
487 1672 539 1732 hac
566 1679 595 1731 et
620 1678 757 1750 sequente
787 1671 916 1748 Epistola
941 1671 1078 1752 Aristippi
1108 1681 1262 1752 praecepta
1285 1675 1420 1750 majorem
1447 1677 1476 1732 in

330 1774 444 1832 modurn
463 1772 541 1833 ridet
561 1777 770 1834 commendata.
813 1772 845 1831 ln
864 1773 985 1832 eandem
1004 1773 1065 1833 fere
1087 1775 1255 1834 sententiam
1274 1773 1476 1832 Waloheuar-

330 1877 395 1933 rius
414 1874 486 1934 haec
509 1875 642 1936 observat
662 1875 711 1952 (ll.
733 1897 764 1956 p.
786 1872 884 1955 185.):
912 1874 977 1949 „Le
997 1874 1048 1934 hut
1067 1877 1104 1934 du
1125 1877 1212 1955 poete
1239 1875 1314 1935 n’est
1331 1895 1383 1955 pes
1401 1878 1475 1936 d'in·

330 1978 433 2036 struire
454 1978 579 2053 Scaeva,
605 1979 635 2036 ni
665 1977 702 2038 de
728 1978 766 2037 lui
791 1985 884 2037 tracen
912 1979 964 2036 des
993 1978 1087 2054 regies
1115 1979 1153 2037 de
1173 1979 1323 2046 conduite;
1346 1978 1417 2035 mais
1438 1981 1476 2036 de

329 2085 431 2140 mettre
452 2097 487 2138 en
504 2080 668 2158 oppositiou
689 2081 716 2138 la
742 2077 919 2156 philosophie
943 2079 979 2138 de
997 2077 1126 2156 Diogene
1151 2087 1180 2138 et
1201 2080 1270 2138 celle
1291 2078 1476 2157 d'hriatippe,

330 2199 366 2240 ou
381 2179 408 2240 la
423 2187 504 2242 secte
519 2182 555 2241 de
573 2182 708 2259 eyniqnes
722 2189 752 2240 et
771 2179 841 2238 celle
858 2181 895 2238 de
909 2184 1108 2259 cyreneiques,
1121 2182 1177 2240 atio
1192 2181 1228 2241 de
1243 2183 1352 2240 donner
1367 2180 1475 2240 Ιίνιιι-

329 2290 396 2359 rege
416 2282 432 2342 h
452 2288 527 2342 cette
545 2283 684 2346 derniere.
726 2281 751 2342 ll
769 2289 837 2342 veut
855 2289 981 2341 montrer
998 2281 1068 2359 qu'il
1089 2289 1134 2342 est
1153 2283 1307 2342 honorahle
1327 2284 1365 2342 de
1386 2283 1476 2362 plaire

329 2401 384 2443 anx
400 2384 522 2459 grands,
544 2383 614 2442 mais
633 2381 703 2460 qn'il
720 2385 780 2442 faut
801 2405 832 2444 ae
854 2385 959 2461 garder
970 2385 1007 2442 de
1025 2383 1162 2443 solliciter
1176 2383 1252 2444 leurs
1272 2385 1385 2444 laveurs
1407 2405 1476 2444 arec

328 2485 514 2562 importunite
523 2490 552 2543 et
565 2485 710 2556 bassesse;
732 2493 762 2545 et
782 2485 800 2544 il
820 2487 912 2565 prend
932 2486 1064 2546 occasion
1079 2486 1115 2542 de
1134 2485 1214 2544 louer
1226 2485 1370 2563 Auguste,
1392 2489 1475 2548 etde

329 2604 361 2644 se
382 2585 454 2645 faire
475 2604 511 2644 uu
534 2587 632 2646 merite
661 2586 771 2645 d'eroir
799 2609 834 2646 su
861 2590 898 2648 lui
919 2588 1041 2668 plaire.“
1093 2587 1132 2644 ht
1158 2588 1188 2644 in
1215 2587 1270 2646 illis
1300 2587 1343 2644 vir
1372 2588 1476 2646 doctus

330 2687 456 2766 exempla
483 2706 536 2766 pro
559 2706 591 2746 re
622 2687 685 2765 ipsa
705 2687 800 2748 hebet.
847 2689 942 2750 Facile
963 2696 1056 2750 autem
1080 2689 1205 2766 judicatu
1226 2696 1289 2767 est,
1314 2710 1364 2747 cur
1384 2690 1476 2748 llore-

329 2792 385 2849 tius
403 2791 575 2869 Aristippum
593 2795 707 2868 praeter
723 2795 834 2850 ceteros
855 2793 884 2849 in
906 2790 1015 2850 deliciis
1028 2791 1165 2850 hahuerit.
1198 2791 1269 2850 Rem
1288 2793 1381 2868 tetigit
1398 2791 1476 2850 We-

329 2891 417 2952 hcrus
433 2913 463 2971 p.
485 2893 527 2956 80
546 2912 602 2969 sq,
623 2911 742 2970 quocum
764 2895 837 2952 coni.
862 2891 1036 2963 Wkland,
1056 2895 1105 2972 qui
1122 2894 1158 2952 de
1173 2892 1311 2972 Aristippi
1329 2899 1429 2954 ustura
1442 2915 1476 2955 ec

328 2996 452 3054 moribus
471 2995 509 3057 N.
531 2991 560 3057 4.
582 2999 660 3052 recte
682 2993 807 3053 disserit.

416 3099 562 3156 Scaeuam
581 3097 758 3156 Scholioscse
779 3097 903 3174 equitem
922 3097 1077 3156 Romanum
1105 3095 1194 3154 tuisse
1223 3095 1331 3154 dicunt.
1374 3097 1476 3173 Neque

329 3209 422 3258 tamen
440 3201 519 3276 scio,
541 3219 596 3277 quo
617 3199 760 3278 opinionis
778 3217 878 3256 errore
900 3217 963 3258 eum
976 3199 1051 3257 Acro
1067 3195 1199 3256 lotum
1215 3196 1361 3254 Scaevam
1371 3239 1383 3266 ,
1405 3195 1471 3254 Por·

328 3301 428 3379 physio
455 3301 600 3358 Scaevam
622 3299 757 3358 lollium
776 3301 909 3378 appellet.
938 3301 1044 3359 Scaeva
1058 3299 1132 3358 euim
1147 3305 1363 3375 cognomentum
1377 3298 1475 3356 Junio·

328 3423 407 3479 rum,
440 3404 620 3476 Cassiorum,
652 3401 797 3461 Didiornur
818 3401 882 3460 tuit.
935 3400 966 3460 ln
992 3407 1072 3462 tanta
1098 3401 1184 3478 igitur
1211 3403 1251 3458 rei
1273 3401 1475 3460 incertitudine

328 3504 379 3562 viri
400 3502 508 3582 aliquot
528 3504 604 3562 doreti
628 3503 790 3580 conjectura
811 3501 1000 3580 collegerunt,
1028 3505 1166 3562 Scaevam
1186 3503 1260 3561 huuc
1279 3503 1366 3560 tilium
1386 3503 1475 3561 Scae·

327 3631 529 3644 οιν-ο-ιιι--ο-

411 3689 440 3758 *)
455 3691 558 3746 Mecum
577 3695 661 3748 sentit
678 3691 798 3748 moue
817 3709 845 3760 p·
862 3687 923 3748 465.
940 3693 986 3764 qni
1006 3693 1120 3748 iocosae
1140 3693 1244 3746 sarbiae
1269 3694 1330 3760 „Ea
1349 3693 1410 3748 sind
1431 3693 1476 3746 dia

328 3775 434 3830 Lchren
449 3777 522 3830 eines
534 3777 765 3833 rechtechaffcnen
779 3779 891 3842 Vetere,
907 3779 957 3832 der
975 3779 1052 3833 einen
1068 3779 1192 3832 wackcrn
1207 3779 1282 3832 Sohn
1294 3779 1322 3832 ia
1340 3779 1385 3832 die
1402 3778 1477 3830 Welt

328 3861 447 3928 schmitt,
463 3863 516 3916 und
531 3863 583 3917 roll
603 3863 651 3917 des
668 3863 829 3928 Wunsches,
847 3861 892 3914 ihn
912 3867 1010 3934 goehrt
1027 3864 1079 3918 und
1100 3865 1127 3918 in
1150 3863 1308 3917 Wohlstaud
1327 3863 1429 3916 wieder
1443 3880 1475 3916 aa

328 3946 464 4016 schelestr,
485 3949 574 4018 einige
593 3949 695 4018 Regeln
716 3950 764 4001 der
779 3947 908 4017 lllnghcit
923 3949 1061 4028 mitgiebt,
1083 3949 1127 4003 die
1148 3967 1177 4002 er
1193 3949 1278 4002 selbst
1299 3949 1412 4002 vormals
1432 3949 1480 4001 aui

327 4033 464 4087 irhulichen
480 4033 583 4104 Wegeu
594 4033 745 4088 brauchhar
760 4033 892 4102 gsiunden
903 4035 969 4088 hat“
987 4065 1030 4077 -
1048 4034 1113 4090 haec
1130 4034 1218 4088 eddit=
1240 4033 1358 4102 „Sclche
1369 4033 1476 4087 Lehreu

326 4119 431 4172 hinncn
447 4115 497 4170 rrir
512 4118 570 4174 hier
581 4120 655 4173 nicht
665 4119 770 4184 liudem
787 4119 914 4171 richuehr
924 4121 1029 4174 scheint
1038 4135 1087 4172 uns
1099 4121 1148 4174 der
1162 4119 1273 4173 Schlnss
1287 4119 1344 4172 rein
1360 4119 1476 4174 humori·

327 4203 441 4258 stisch.“
458 4203 557 4258 Nescio
572 4213 675 4273 auum,
691 4205 761 4258 unde
780 4203 899 4257 haeserit
909 4206 988 4260 haec:
1011 4207 1096 4274 „Dem
1106 4207 1208 4274 jungeri
1223 4205 1344 4272 Scaeva,
1361 4203 1410 4257 der
1420 4203 1477 4256 his-

328 4293 376 4342 her
385 4305 435 4342 unr
445 4289 536 4343 seinen
551 4291 665 4344 Studien
680 4289 828 4361 ohgalegen
845 4290 898 4343 ond
917 4291 972 4344 sich
990 4291 1038 4344 der
1052 4289 1249 4344 W'rssenschait
1263 4290 1314 4342 aud
1329 4289 1414 4342 Kunst
1427 4305 1475 4358 ge-

327 4371 436 4427 widmet
449 4373 538 4444 hatte,
551 4377 657 4430 mochte
668 4376 717 4430 der
729 4377 890 4446 Uebsrgang
900 4392 934 4430 an
945 4375 1033 4430 dieser
1043 4393 1129 4430 neuen
1137 4375 1212 4428 Bahrr
1222 4375 1296 4429 nicht
1306 4375 1476 4428 winschens-

326 4460 412 4510 werth
425 4461 595 4530 arachelnen‚
612 4459 738 4514 worhher
748 4479 778 4513 er
789 4459 927 4514 vielleicht
938 4462 995 4515 dem
1013 4461 1140 4526 Dichter,
1157 4459 1252 4514 dassen
1266 4459 1350 4513 Liebe
1367 4461 1413 4512 rte
1431 4458 1476 4511 die

328 4541 449 4596 lr'reiheit
462 4543 515 4599 ihm
523 4543 598 4600 nicht
608 4547 762 4601 unbekannt
769 4545 826 4600 rein
839 4547 952 4616 konntc,
965 4545 1038 4601 aeine
1049 4545 1152 4616 Klagen
1163 4547 1304 4615 geinssert
1314 4545 1410 4598 hatte“
1422 4555 1476 4601 etc.
