3426 5334
373 519 437 586 504
470 521 677 585 GOMMENT.
693 524 736 584 IN
749 523 842 584 HOR.
858 523 930 583 ΗΒ.
945 525 968 584 1.
1001 523 1121 584 EPIST.
1137 521 1416 584 Uunuvrcustm.
1461 523 1518 586 156

372 695 419 752 tir.
450 693 567 755 Luciuu.
591 695 742 762 Quomodo
760 691 835 752 Hist.
851 713 959 754 consur.
981 700 1075 772 oport.
1094 695 1145 761 10,
1165 689 1263 754 ἄλλων
1278 683 1379 774 o'iiyor
1394 693 1518 770 puerti-

373 798 447 869 ζειν,
464 791 523 856 κᾶν
538 795 738 876 διαρᾇγῶσιν
752 795 953 869 ἐπαινοῦντες.
982 796 1089 854 Similia
1103 795 1230 874 exempla
1244 795 1281 852 ibi
1298 794 1465 872 suppeditet
1481 793 1515 852 C.

371 897 407 955 F.
428 899 645 967 Hermannur,
665 899 694 955 in
716 897 817 975 quibus
838 915 921 955 nemo
941 915 1027 955 eunus
1043 898 1230 974 diruptionem
1241 895 1272 970 ⁴¹)
1294 915 1395 973 reapse
1413 897 1518 954 facum

372 1017 436 1056 esee
451 999 542 1075 dicet,
565 1001 589 1057 ei
611 999 713 1075 legerit
731 999 776 1060 rei
789 997 937 1058 Demosth.
957 1017 1001 1076 pr.
1023 999 1130 1058 Coron.
1150 1019 1178 1076 p.
1198 999 1271 1070 232,
1287 999 1337 1060 12.
1359 988 1463 1059 odt’du
1481 991 1519 1058 mi

370 1100 535 1182 διαῤῥαγῇς
560 1094 750 1180 ψευδόμενος
769 1101 813 1158 rei
834 1101 911 1178 Virg.
942 1101 996 1158 Ge.
1019 1103 1048 1175 1,
1076 1097 1126 1162 49.
1155 1098 1207 1176 (11).
1226 1099 1333 1176 Heyu.)
1357 1101 1519 1156 immensae

369 1211 515 1277 ruperunt
526 1201 631 1258 horrea
646 1223 760 1260 merem.
781 1202 891 1261 Colum.
908 1203 944 1260 de
960 1201 1034 1260 Cuit.
1048 1203 1130 1262 Hori.
1146 1203 1218 1265 807.
1238 1203 1283 1260 rei
1300 1201 1393 1258 Pleut.
1413 1199 1517 1258 Bacch.

371 1305 402 1380 2,
417 1305 448 1378 3,
469 1307 515 1366 17.
547 1305 620 1361 Heu
641 1325 690 1363 cur
708 1325 806 1362 meum
827 1315 853 1361 et
873 1302 1024 1361 cerebrum
1034 1345 1045 1374 ‚
1067 1302 1233 1372 Nicobate,
1245 1302 1402 1376 finditur,
1425 1301 1520 1360 latim

368 1408 498 1467 hominis
518 1410 571 1467 ubi
580 1409 626 1484 fit
641 1409 748 1464 mentio
758 1428 770 1479 ;
793 1405 867 1466 coni.
891 1405 929 1488 0.
950 1405 1032 1464 Jahn.
1051 1407 1088 1463 ad
1108 1406 1186 1463 Pers.
1204 1407 1235 1475 3,
1249 1404 1292 1480 9.,
1312 1405 1387 1462 idern
1410 1411 1439 1462 et
1460 1405 1520 1461 Ca-

369 1511 449 1570 eeub.
468 1513 505 1568 ed
524 1512 555 1588 3,
578 1514 628 1576 27,
657 1512 737 1579 Quee
759 1529 845 1586 quum
867 1509 907 1565 ite
924 1507 996 1574 sint,
1019 1509 1110 1567 fecere
1133 1529 1243 1586 nequeo
1262 1527 1323 1566 cum
1347 1505 1520 1565 Wielrerto

368 1613 411 1691 (p.
433 1611 510 1692 401)
532 1614 605 1672 hunc
624 1613 716 1670 iocum
735 1613 775 1668 ito
796 1611 1015 1687 interpretante:
1045 1611 1116 1684 „Sic
1142 1611 1284 1685 Cordum,
1312 1610 1396 1668 istum
1422 1609 1520 1668 Jurbi·
1548 1600 1549 1606 ¹

370 1723 445 1790 tem,
468 1715 575 1794 lingna
595 1713 715 1772 arenula
742 1713 913 1791 Tirnugenir
933 1715 951 1770 i.
968 1732 993 1772 e.
1014 1713 1110 1790 inepta
1130 1713 1243 1772 ambitio
1265 1719 1296 1771 et
1310 1712 1441 1770 insenum
1462 1711 1518 1770 Ti-

369 1837 515 1893 megenem
536 1819 652 1894 ejusque
679 1818 708 1875 in
729 1814 925 1873 declamando
951 1815 1139 1872 recitandove
1166 1815 1368 1892 praestantiam
1391 1813 1521 1872 imitandi

369 1919 563 1997 aequandique
583 1921 705 1977 studium
725 1927 755 1978 et
774 1919 892 1977 laterum
909 1918 1052 1976 eontentio
1066 1920 1150 1994 rupit
1166 1919 1185 1975 i.
1203 1937 1229 1978 e.
1248 1917 1357 1992 effecit,
1379 1920 1427 1988 ut,
1449 1933 1520 1992 rup-

368 2020 406 2080 tis
426 2021 527 2096 itibus,
547 2021 737 2080 miserendum
756 2023 787 2080 in
808 2021 922 2079 modum
942 2020 1056 2098 periret.
1065 2021 1085 2058 ‘⁶
1130 2019 1266 2078 Merkel.-
1297 2025 1520 2098 „rereprengte

369 2125 420 2182 dus
435 2123 634 2188 Znercht'ell.“
666 2121 819 2181 Giinther:
840 2124 909 2203 „ein
924 2121 1016 2179 Brueh
1031 2141 1088 2179 wer
1110 2123 1162 2180 der
1181 2122 1297 2181 Lohu.“
1330 2123 1429 2182 Melius
1448 2141 1519 2180 sune

369 2227 552 2304 Doeringiur
572 2226 601 2282 in
623 2225 669 2283 ed.
690 2228 771 2288 min:
800 2225 912 2301 „t'ecit‚
938 2229 969 2282 ut
989 2223 1098 2280 Jurbite
1120 2243 1211 2304 peene
1229 2226 1450 2304 dirumperetur,
1473 2223 1519 2282 rei

369 2327 406 2386 ob
436 2328 545 2385 nimium
575 2327 653 2386 vocis
681 2327 881 2402 intentionem,
919 2326 964 2384 vel
996 2325 1032 2384 ob
1064 2327 1216 2404 invidiam,
1245 2327 1322 2405 quod
1351 2327 1518 2404 'iimegeuis

451 2531 480 2600 *)
496 2533 569 2586 Nitrit
585 2533 644 2602 ugit
657 2533 828 2598 irruiturum,
847 2549 923 2601 quum
937 2545 1001 2586 enee
1015 2533 1163 2585 renteutiee
1174 2532 1349 2602 patrocinium
1360 2531 1438 2584 ridet
1446 2529 1518 2601 apud

337 2661 339 2665 ,
368 2617 456 2672 Piaut.
469 2618 553 2670 Mero.
568 2619 592 2684 1,
609 2621 633 2684 2,
653 2619 698 2672 27.
723 2617 784 2672 Tun
797 2635 879 2670 emmo
894 2618 956 2686 rupi
967 2619 1087 2672 rumices:
1096 2621 1157 2686 jum
1172 2628 1249 2688 rputo
1262 2618 1438 2688 ruuguinemt
1453 2616 1519 2671 ridi-

367 2703 425 2756 cule
440 2703 508 2756 enim
521 2701 694 2773 superietioni
709 2702 833 2754 ueritatis
847 2703 907 2771 ipsu
922 2702 1022 2756 veritae
1037 2703 1182 2772 quaeritur.
1213 2704 1309 2772 Neque
1323 2711 1417 2756 nostru
1434 2700 1518 2756 inter·

367 2789 482 2857 pretutio
494 2806 525 2842 eo
537 2787 680 2852 refutetur,
694 2789 763 2858 quod
776 2787 811 2840 W
810 2788 936 2840 eicirertue
945 2788 1058 2840 Horetio
1072 2789 1135 2842 haec
1145 2787 1273 2841 scribenti
1284 2788 1399 2840 fabulum
1409 2786 1441 2839 de
1452 2805 1518 2840 rene

368 2883 395 2926 et
407 2875 474 2926 bove
488 2874 601 2926 Phaedr.
616 2875 640 2941 1,
653 2869 695 2926 24.
707 2871 810 2942 abipso
822 2881 902 2942 poete
920 2873 978 2924 Set.
990 2875 1015 2939 2,
1027 2873 1053 2940 8,
1064 2871 1115 2930 312
1125 2890 1185 2945 eqq.
1200 2873 1251 2943 (ib.
1264 2873 1370 2941 humb.)
1384 2890 1431 2924 suo
1443 2889 1516 2925 more

367 2967 507 3013 tractatum
529 2959 567 3011 uit
581 2961 749 3011 obrerretum
768 2975 828 3010 eree
843 2958 903 3013 coil.
923 2959 1005 3016 Mart..
1027 2960 1068 3026 10,
1084 2960 1126 3022 79,
1142 2960 1167 3012 9.
1198 2961 1301 3012 Arero
1323 2975 1406 3029 prope
1430 2957 1517 3011 abfuit

367 3045 542 3115 Porphyrion,
564 3061 641 3115 qunm
661 3043 812 3112 ttynroiron
825 3071 869 3085 -
890 3071 926 3082 -
955 3071 989 3084 -
1009 3053 1119 3114 prepter
1133 3045 1299 3098 implentium
1310 3045 1435 3112 secundi
1447 3043 1516 3111 quot

366 3133 513 3183 ounubutur
532 3147 617 3198 puene
638 3130 785 3198 dirruptum
807 3145 861 3182 erre
879 3130 982 3181 diceret
999 3129 1084 3195 (coni.
1104 3129 1212 3184 Auctur.
1234 3130 1380 3182 Comment.
1400 3137 1456 3182 ret.
1470 3145 1514 3196 ep.

366 3217 450 3283 Crnq.
466 3233 492 3284 p.
508 3210 588 3287 694),
602 3215 717 3282 itemque
729 3215 815 3266 Acron
830 3213 903 3267 irione
918 3211 1022 3266 verbio:
1044 3214 1193 3284 „Hpurbite
1203 3213 1317 3268 Muretus
1328 3213 1380 3276 tuit
1395 3213 1515 3285 regione,

366 3300 421 3369 qui,
445 3301 506 3352 dum
525 3301 697 3370 'I'imagenem
710 3298 891 3368 philosophum
904 3308 962 3370 poet
976 3299 1119 3352 conuiuium
1133 3307 1158 3351 et
1171 3299 1240 3352 iuter
1252 3300 1349 3368 poeula
1363 3299 1515 3350 deoiumuu·

366 3393 417 3438 tem
432 3385 507 3436 uellet
527 3384 625 3437 imitari
644 3392 668 3436 et
683 3400 737 3435 nnn
751 3392 850 3452 parret,
871 3383 969 3437 inuidia
989 3386 1180 3450 quodammodo
1195 3383 1339 3454 direerptue
1356 3383 1447 3451 (leger
1462 3382 1515 3435 dir·

365 3469 471 3537 rnptur)
486 3469 553 3522 ert.“
577 3469 720 3521 Notionem
732 3467 846 3520 invidiae
860 3469 904 3521 hic
915 3471 1087 3538 comprobent
1099 3468 1247 3536 Aeeenur'uo,
1262 3467 1445 3536 Britannicus,
1460 3465 1514 3534 eiii,

366 3569 434 3622 quae
448 3568 593 3623 quenquam
610 3553 717 3623 probari
732 3552 838 3624 nequit,
853 3560 939 3607 temen
953 3561 1069 3607 tentetur
1086 3553 1247 3623 euperietem
1265 3552 1339 3606 itiem
1352 3551 1459 3605 dicendi
1472 3569 1515 3605 re-

365 3635 477 3704 tionem,
499 3654 550 3708 que
572 3636 697 3707 imprimis
711 3639 810 3708 rumpi,
833 3639 948 3709 dirumpi
960 3639 1002 3691 rei
1023 3636 1179 3707 simpiioiter
1197 3638 1241 3692 rei
1258 3638 1365 3707 edjeoto
1385 3636 1513 3704 invidiae,

365 3723 436 3789 irae,
455 3723 553 3776 doiorie
570 3724 652 3777 verbo
667 3725 686 3776 ii
702 3722 838 3790 dicuntur,
860 3725 905 3794 qui
924 3725 1050 3777 invidiam
1066 3733 1119 3776 etc.
1141 3723 1291 3793 eimiioeqne
1305 3723 1385 3776 enimi
1400 3723 1513 3775 effectur

365 3806 502 3862 continere
514 3819 647 3879 nequeunt
657 3808 744 3878 iisque
755 3815 887 3863 aestuent.
911 3809 953 3864 Itu
968 3809 1026 3862 ote.
1038 3809 1071 3862 ed
1084 3808 1164 3862 ¹tttie.
1177 3806 1205 3877 4,
1219 3811 1261 3864 16.
1277 3808 1375 3862 Nititur
1386 3810 1464 3861 doiur
1473 3823 1513 3860 ure

366 3894 458 3964 ungit,
477 3911 560 3948 uuum
573 3895 662 3947 omnia
674 3912 762 3963 poree:
782 3896 969 3965 dirumpuntur
981 3895 1014 3964 ii,
1037 3893 1082 3962 qui
1093 3912 1134 3946 me
1150 3895 1248 3962 aliquid
1267 3911 1342 3964 poree
1360 3895 1512 3946 doluerunt.

364 3978 433 4032 Ibid.
446 3981 471 4044 7,
484 3981 525 4034 12.
544 3979 604 4032 Vid.
619 3977 730 4045 Norbig.
749 3980 782 4031 ed
798 3979 872 4048 Virg.
890 3979 948 4032 uer.
963 3981 989 4047 7,
1005 3981 1047 4036 26.
1064 3979 1129 4031 Aen.
1143 3982 1184 4045 12,
1196 3978 1257 4033 527.
1281 3980 1369 4032 Burm.
1384 3979 1419 4032 ed
1431 3979 1511 4046 Prup.

366 4067 390 4131 1,
408 4066 434 4131 8,
450 4065 492 4120 27.
518 4064 621 4118 Ruhnk.
644 4063 676 4118 ed
698 4063 779 4117 ovid.
803 4065 867 4118 Her.
890 4066 915 4128 8,
935 4065 977 4120 57.
1001 4065 1125 4118 Werned.
1141 4064 1173 4116 ed
1198 4065 1324 4134 Calpurn.
1346 4064 1407 4116 Eoi.
1428 4064 1455 4129 6,
1468 4064 1512 4116 80.

364 4149 441 4202 Cort.
456 4149 490 4202 ed
505 4149 562 4204 cic.
578 4149 668 4219 Epist.
685 4149 719 4202 ed
734 4150 794 4202 Diu.
810 4152 850 4216 12,
863 4152 888 4214 2,
901 4151 926 4206 8.
949 4149 1034 4204 Helm.
1049 4150 1082 4202 ed
1098 4165 1137 4208 or.
1152 4149 1178 4201 in
1194 4145 1320 4216 vtetur,
1333 4150 1375 4202 10.
1396 4147 1511 4216 interpp.

364 4235 398 4288 ud
415 4252 455 4287 or.
477 4251 516 4306 pr.
539 4235 615 4289 Dom.
631 4251 678 4287 sue
690 4235 734 4298 37,
750 4235 792 4289 99.
818 4235 918 4287 Getuli-
942 4236 975 4288 ed
997 4235 1035 4287 Μ.
1058 4234 1181 4287 Antonin.
1194 4237 1220 4298 8,
1234 4231 1260 4290 4.
1277 4251 1304 4303 p.
1317 4234 1379 4294 289.
1394 4233 1510 4301 interpp.

365 4320 398 4372 ed
412 4321 478 4376 Luc.
494 4320 555 4374 Aet.
570 4322 666 4389 Apost.
682 4321 708 4388 7,
725 4315 768 4372 54.
785 4320 873 4376 Herm.
890 4321 923 4372 ud
938 4321 1046 4373 Luciun.
1062 4319 1079 4372 t.
1097 4319 1114 4374 1.
1134 4337 1160 4389 p.
1175 4321 1219 4374 77.
1245 4321 1342 4388 Neque
1361 4336 1422 4372 ore
1436 4319 1513 4371 ebert

364 4404 493 4474 tentigine
506 4406 595 4475 rumpi
607 4406 666 4458 eat.
685 4407 710 4470 1,
728 4407 753 4470 2,
772 4408 831 4460 118.
851 4406 889 4464 ib.
911 4405 994 4459 Oreii.
1016 4405 1077 4458 eoli.
1095 4405 1223 4474 liutgero.
1239 4406 1340 4458 Venus.
1364 4404 1452 4461 Leett.
1469 4405 1511 4456 10.

364 4507 392 4558 p.
408 4489 468 4543 288.
488 4491 578 4542 Burin.
594 4490 628 4543 ed
650 4489 728 4545 tntu.
750 4491 795 4543 iet.
816 4490 850 4546 11.
872 4509 898 4561 p.
915 4489 976 4548 509.
998 4498 1027 4544 et
1039 4507 1162 4562 rumpere
1176 4507 1264 4545 numm
1284 4489 1366 4544 Beoh.
1381 4490 1415 4543 ad
1431 4485 1512 4542 ortu.

364 4573 474 4629 Metam.
490 4578 531 4642 10,
549 4571 608 4630 147.
635 4577 774 4640 Schlenen.
790 4576 855 4630 Lex.
871 4593 892 4630 e.
907 4591 932 4632 r.
948 4570 1071 4645 (in'puupr.
