3458 5318
335 489 375 552 40
440 485 723 549 couruENTsnu
744 487 787 548 [N
808 487 974 550 uoas'ru
994 489 1069 550 LiB.
1090 489 1113 548 1.
1142 487 1267 550 EPIST.
1288 489 1386 550 NON.
1453 491 1496 552 40

335 677 412 756 quod
432 678 512 754 quasi
535 676 690 755 praemium
710 675 771 734 fero
791 676 909 754 pudoris
931 677 1013 736 arnici
1034 694 1120 738 causa
1139 675 1286 754 depositi“
1312 684 1341 736 et
1363 677 1496 736 Docrr'u·

333 780 406 858 gr'ue
424 781 454 838 in
474 781 522 838 ecl.
546 779 629 836 mim:
660 783 714 854 „ut
740 777 886 837 officiosae
910 776 1077 837 urbanitatis
1100 777 1214 836 laudem
1232 783 1359 837 sectarer
1375 777 1423 858 (ut
1443 777 1497 838 snb

335 882 503 942 urbanitatis
524 881 621 957 specie
650 878 879 938 commendarem
905 877 956 934 tibi
978 879 1161 957 Septimium)
1189 899 1235 940 me
1262 881 1369 960 impelli
1392 899 1497 960 passus

335 983 433 1042 sum.“
476 979 662 1041 praeiverunt
686 979 868 1052 Laudinus,
889 979 1061 1052 Rodalliue,
1087 981 1282 1058 Dcsprccius,
1306 981 1364 1040 alii.
1406 979 1498 1042 Aliter

336 1085 422 1147 Dan.
445 1084 603 1142 Heinsius:
632 1084 736 1162 „frons
761 1082 871 1142 urbana
894 1088 940 1141 est
963 1102 1048 1160 quam
1075 1082 1194 1142 dicimus
1222 1083 1371 1142 iufirmmr.
1406 1081 1497 1144 Prae·
1599 1088 1602 1096 '

336 1187 423 1246 mium
443 1185 572 1244 infirmae
590 1186 693 1244 frontis
713 1190 776 1260 ert,
798 1183 895 1259 utqui
915 1203 1023 1262 negare
1043 1186 1073 1245 id
1092 1185 1171 1262 quod
1189 1185 1298 1264 petitur
1317 1201 1376 1242 nou
1397 1183 1496 1261 audet,

336 1288 380 1363 ei,
405 1286 449 1345 cui
477 1285 561 1346 alium
588 1285 786 1361 commendat,
821 1303 920 1364 parum
942 1288 1120 1346 verecundus
1148 1288 1290 1347 videatur.
1334 1286 1498 1344 Heroum

335 1389 494 1448 refutarunt
514 1388 690 1466 Rappoltus
711 1394 741 1447 et
756 1385 940 1448 Schmidius.
985 1389 1095 1448 Contra
1114 1387 1275 1447 Masciliuc
1295 1392 1326 1448 et
1346 1389 1498 1448 Ducarius

327 1489 465 1569 frontem
485 1488 551 1548 urb.
572 1510 625 1569 pro
645 1490 741 1548 fronte
760 1508 875 1548 scurrae
896 1488 1002 1550 babent
1020 1491 1085 1550 coll.
1108 1488 1200 1550 Plaut.
1216 1491 1298 1550 Trin·
1320 1494 1350 1566 1,
1372 1495 1403 1565 2,
1426 1492 1497 1556 162.

336 1593 408 1654 Hor.
428 1593 522 1671 Epist.
546 1591 597 1668 15,
620 1594 670 1657 27.
699 1593 779 1652 Suet.
802 1591 890 1669 Vesp.
916 1594 982 1670 20„
1012 1602 1045 1653 ut
1061 1593 1200 1671 precaria
1212 1592 1261 1673 sr.
1280 1591 1347 1651 urb.
1370 1593 1429 1652 sint
1447 1592 1499 1669 „la

336 1694 524 1772 rtcompeuse
544 1700 574 1752 et
594 1692 621 1751 le
641 1693 703 1770 prix
733 1691 802 1752 d'uu
830 1693 982 1754 bouffou.“
1024 1695 1055 1758 8.
1076 1697 1226 1772 praemr'cr.
1268 1695 1348 1756 Haec
1369 1693 1499 1774 plerique

335 1797 499 1876 simpliciter
519 1801 569 1854 aut
585 1794 757 1872 impudentis
779 1796 837 1852 oris
856 1803 906 1855 aut
926 1796 1060 1855 audaciae
1088 1801 1138 1855 aut
1161 1796 1329 1856 urbanitatis
1349 1795 1498 1872 bonorem,

335 1899 466 1975 landem,
484 1897 608 1956 suctum
624 1894 669 1954 vel
691 1895 769 1972 quod
790 1901 845 1958 τοιῖ
866 1896 1011 1977 βραβεῖον
1031 1897 1124 1958 instar
1143 1904 1205 1974 est,
1230 1899 1374 1978 accipiunt
1394 1899 1436 1956 ita
1452 1905 1498 1957 ta·

336 2019 417 2077 men,
447 2007 479 2058 nt
500 2005 530 2058 et
549 1998 580 2056 in
595 1996 649 2056 bac
668 2015 701 2055 re
722 1997 775 2058 sibi
795 2019 853 2058 nou
874 1997 1048 2078 constent.*)
1096 1999 1129 2060 0.
1154 2000 1297 2058 Puerum.-
1329 1997 1428 2076 „Hab'
1451 1998 1498 2058 ich

335 2121 402 2161 aum
410 2097 495 2162 Lobn
515 2099 590 2158 mich
613 2099 749 2176 bequemt
767 2102 814 2158 fiir
836 2103 882 2160 die
904 2100 1297 2179 sttidtischeDreistigkeit.“
1316 2099 1499 2180 Lutatiana,

340 2203 510 2282 anquina,
539 2201 691 2258 Bastarna
707 2211 864 2280 praeeunte
885 2201 1047 2265 Scholiasta
1075 2205 1164 2281 Cruq.
1190 2203 1332 2281 praemia
1363 2200 1430 2261 urb.
1448 2201 1498 2282 sr.

336 2305 541 2383 impndentiam
563 2305 619 2364 dici
646 2303 701 2362 sibi
729 2306 912 2383 persuadent.
955 2305 1026 2382 Atii,
1057 2313 1090 2366 ut
1127 2303 1278 2376 Orcllr'us,
1310 2304 1499 2365 confidentiae

333 2405 410 2482 jura,
430 2403 644 2482 „Vorrecbte“,
668 2406 828 2483 significate
846 2408 1016 2485 opinantur;
1048 2409 1078 2470 Ι.
1097 2405 1224 2466 Merkel.-
1257 2406 1332 2483 „des
1353 2407 1498 2468 Welttous

336 2504 486 2582 Vorrecbt,
509 2507 600 2566 dreist
619 2527 656 2566 uu
676 2505 854 2583 begehren.“
880 2509 1017 2586 Neglexit
1036 2512 1183 2570 notionem
1197 2527 1314 2586 praem·
1333 2509 1499 2568 Garm-

337 2627 407 2666 nuo:
430 2609 536 2685 „Stell’
559 2609 604 2668 icb
623 2627 674 2667 vor
692 2609 737 2666 dir
759 2610 832 2670 mich
852 2611 900 2672 hin
928 2611 979 2670 mit
1006 2630 1172 2690 verweguer
1192 2610 1325 2670 Stirne.“
1366 2610 1437 2689 Alii,
1454 2617 1499 2672 ,ιιι

340 2709 525 2770 Sanadonur
546 2710 784 2792 Dorighelloquc
804 2712 991 2788 „meritorum
1008 2714 1136 2790 praemia
1152 2712 1330 2788 intelligunt,
1351 2711 1499 2788 quaesibi

337 2811 421 2872 aulici
440 2819 474 2873 ut
489 2815 537 2891 jus
556 2814 719 2891 vindicent,
746 2831 812 2873 nam
839 2815 889 2891 qui
911 2815 961 2873 diu
986 2815 1017 2873 in
1041 2815 1107 2873 aula
1128 2813 1269 2893 Principis
1294 2818 1427 2872 versatus
1448 2814 1500 2893 sit,

337 2935 401 2974 emn
418 2915 483 2992 jure
505 2917 629 2993 quodam
650 2917 751 2976 donari
773 2917 943 2993 impetrandi
964 2914 1001 2976 ab
1022 2915 1071 2974 illo
1094 2917 1264 2976 beneficia.“
1293 2915 1337 2975 Ex
1357 2918 1501 2978 sententia

338 3018 462 3096 denique
484 3018 636 3097 Rappoltr'
656 3021 844 3096 ‚praemium
865 3017 931 3081 urb.
946 3018 995 3097 fr.
1018 3019 1113 3097 opinio
1132 3019 1277 3078 hominum
1292 3025 1338 3078 est
1357 3019 1393 3078 de
1408 3021 1501 3096 gratia

338 3126 368 3179 ct
388 3123 568 3198 auctoritate,
590 3141 647 3200 qua
657 3121 779 3182 Flaccus
800 3122 876 3201 apud
900 3121 1050 3182 Claudium
1069 3121 1115 3180 rel
1135 3139 1218 3195 vere,
1239 3120 1337 3179 velex
1357 3122 1501 3180 sententia

337 3221 470 3298 Septimii
487 3222 616 3292 valebat3
638 3225 779 3284 sententia
799 3225 900 3300 igitur:
924 3242 959 3282 eo
979 3225 1160 3301 cogitationis
1181 3222 1313 3300 perveni,
1347 3225 1379 3279 ut
1409 3223 1499 3282 satius

339 3340 404 3380 esse
426 3329 573 3400 putarem,
594 3323 716 3382 frontem
738 3323 890 3384 obfirmare
909 3333 940 3383 et
959 3323 1034 3385 hunc
1054 3327 1175 3384 fructum
1189 3323 1336 3400 consequi,
1353 3329 1385 3382 ut
1399 3331 1499 3384 aucto-

339 3423 424 3482 ritate
446 3428 476 3481 et
495 3426 588 3502 gratia
608 3425 683 3503 apud
705 3432 734 3484 te
760 3425 854 3486 valere
875 3427 987 3485 dicar.“
1030 3427 1125 3506 Atque
1157 3425 1234 3484 haud
1266 3425 1325 3483 scio
1358 3444 1396 3486 an
1425 3427 1500 3486 idem

338 3526 462 3582 senserit
478 3526 588 3583 lanius
618 3528 661 3584 in:
692 3527 895 3604 „Erkl'arende
916 3527 1137 3606 Anmerkungen
1167 3547 1203 3586 au
1223 3527 1294 3588 Hor.
1318 3529 1441 3607 Satyron
1471 3549 1499 3589 ιι.

337 3623 504 3704 Episteln·“
524 3647 554 3706 p·
579 3626 651 3692 191.
695 3630 824 3691 iudicent
845 3633 932 3710 igitur
950 3649 1038 3710 penes
1059 3649 1133 3708 quos
1153 3635 1199 3690 est
1217 3632 1364 3708 judicandi
1393 3631 1430 3690 de
1454 3636 1497 3690 ta·

339 3727 412 3788 libus
441 3728 527 3788 rebus
556 3728 676 3790 facultas
701 3739 731 3792 et
748 3736 807 3812 jus.
852 3731 897 3794 Ad
932 3754 1027 3794 meum
1054 3734 1170 3811 quidem
1189 3753 1304 3794 sensum
1330 3733 1411 3793 locus
1439 3750 1499 3792 non

350 3859 356 3866 0
372 3861 407 3866 --

422 3935 450 4008 *)
472 3937 625 3996 Diutaerua
643 3959 671 4012 p.
694 3941 762 3996 11οι
792 3939 939 4010 „Pr-m
957 3941 1017 3998 urb.
1035 3945 1079 4011 fr.
1100 3942 1139 3996 ist
1159 3943 1236 3996 nictu
1260 3941 1309 3995 aar
1329 3939 1426 4008 Prsia,
1446 3937 1499 3992 den

339 4025 384 4079 die
398 4024 580 4094 Dreistigteit
594 4027 733 4095 gewihrt,
749 4027 867 4080 sondern
881 4027 948 4080 nach
962 4025 1048 4079 einern
1062 4028 1188 4097 biutigen
1203 4023 1363 4081 Gabraucbe
1381 4025 1431 4079 cles
1443 4027 1499 4078 Ge-

337 4111 407 4164 uitir
431 4111 576 4176 (Otbnn’ua
596 4111 687 4184 Epist.
706 4130 734 4182 p,
752 4107 806 4168 214
820 4111 877 4183 sq.)
898 4111 936 4164 ist
950 4110 995 4164 die
1015 4109 1188 4184 Dreirtiglceit
1208 4114 1256 4167 der
1277 4112 1404 4181 orturrgta
1426 4109 1500 4164 Prot·

337 4199 429 4260 selben
449 4213 480 4250 er
501 4197 538 4249 ist
552 4198 601 4250 aut
614 4199 666 4252 den
680 4197 855 4267 Kamptpiata
869 4201 995 4267 getrsten
1010 4195 1176 4265 (descendi),
1203 4213 1246 4250 um
1270 4195 1327 4251 sich
1348 4195 1395 4249 die
1419 4191 1499 4248 Drei-

339 4281 454 4348 stigkeit
471 4281 510 4334 uls
526 4282 605 4335 Prcis
619 4299 654 4336 uu
669 4283 834 4352 erkimpsen,
877 4281 958 4348 tiso,
981 4297 1012 4336 er
1025 4282 1073 4334 bat
1089 4300 1119 4336 cs
1135 4288 1260 4352 gewugt,
1283 4280 1341 4335 sicb
1363 4279 1408 4334 die
1421 4276 1499 4331 Drei-

340 4363 455 4430 stigksit
474 4367 564 4421 scinco
580 4368 722 4421 Frcundes
744 4385 842 4438 wagan
863 4383 898 4421 au
915 4366 1092 4437 crktmpfen“
1113 4374 1167 4420 etc.
1195 4367 1283 4422 Vutdc
1306 4365 1419 4430 dubito,
1439 4379 1502 4418 num

340 4447 405 4498 haec
416 4451 574 4584 Ιιέιιὶίοιιὶιι
589 4467 726 4508 usensum
741 4468 831 4506 eorum
848 4453 935 4522 terat,
950 4451 997 4523 qui
1006 4457 1111 4506 teram
1125 4467 1206 4508 auras
1220 4451 1322 4508 habant
1334 4448 1502 4520 intelligens·

343 4547 393 4598 quc
414 4549 444 4599 ιιι
464 4535 552 4590 icium.
