3480 5338
249 528 290 593 86
325 527 536 590 comiteur.
552 527 595 590 ΙΝ
607 529 700 590 HOR.
716 528 790 590 LlB.
806 529 827 590 l.
852 521 977 592 EPIST.
993 529 1297 594 nnounvlcnsm.
1328 526 1392 594 43³

247 695 350 774 opibus
357 737 368 774 ,
389 704 420 757 ut
440 716 523 776 opum
543 699 634 776 protis
652 699 774 760 stultitia
793 698 879 777 vulgo
900 700 1038 760 debeatur
1050 721 1104 781 pro
1118 701 1293 779 snpientia.“
1330 699 1392 760 Ho-

249 818 310 858 rum
328 801 575 879 interpretationes
592 802 632 860 ito
651 807 789 881 temperet
809 802 993 882 Doeriagiue
1000 845 1012 874 ,
1030 811 1061 864 ut
1078 804 1212 883 explicet:
1233 801 1312 877 „noli
1330 819 1391 860 me·

248 919 313 960 cum
339 903 511 962 contendere
520 901 567 980 *),
594 921 659 962 nam
686 922 740 980 ego
766 921 828 962 eum
849 903 947 980 dirce,
973 905 1053 983 cujas
1080 925 1151 984 opee
1171 903 1318 964 stultitiam
1339 902 1391 960 nd-

247 1003 376 1080 mittunt‚
396 1004 443 1063 vel
459 1005 594 1066 stultitiae
611 1004 754 1085 praecidio
768 1010 843 1066 eunt.
845 1004 867 1040 “
901 1003 1055 1066 Laudent
1047 1008 1183 1084 imprimis
1198 1007 1287 1068 leocr.
1302 1002 1391 1060 Areo-

247 1121 316 1180 pag·
335 1125 365 1183 p
390 1106 461 1168 279
491 1106 558 1166 wlf.
591 1106 698 1169 Αἴτιον
720 1102 752 1168 dl
777 1098 892 1168 τούτων
915 1101 1061 1182 lecim*
1043 1130 1090 1170 ονι
1109 1111 1170 1168 τοῖν
1191 1097 1319 1186 ἆγαθοίν
1340 1101 1392 1164 acl

247 1208 309 1268 coia
322 1209 425 1268 ιιοιιοῖν
442 1201 532 1270 oddlv
546 1200 619 1270 oded
630 1205 758 1268 καθ’
717 1231 789 1271 ανον
784 1203 1016 1289 παραγίγνεται
1031 1213 1093 1281 τοῖς
1106 1201 1297 1288 clodomerem,
1318 1197 1392 1266 olltd

248 1305 438 1370 συντέτακται
457 1307 510 1371 καί
531 1313 754 1372 συνακολουθεῖ
775 1315 838 1384 τοῖς
864 1305 938 1388 perol
963 1301 1105 1382 πλούτοις
1132 1307 1184 1370 καί
1210 1314 1274 1381 ταῖς
1301 1307 1392 1369 dvoc-

249 1406 401 1484 aeteae*
379 1433 469 1472 ανοια
487 1409 537 1474 καί
558 1405 631 1490 perd
652 1405 761 1490 ταύτης
785 1403 944 1473 ductante·
965 1415 1029 1483 ταῖς
1049 1407 1082 1473 dl
1100 1408 1228 1483 ἐνδείαις
1250 1407 1301 1470 eal
1324 1412 1391 1482 calc

248 1501 441 1591 νανιεινίιησι
461 1507 642 1592 σωφροσύνη
663 1510 715 1574 καί
734 1505 896 1592 μετριότης.
929 1511 1177 1589 monterione,
1199 1512 1299 1588 1,28.
1335 1509 1391 1568 Se·

249 1613 365 1674 cundae
377 1614 525 1692 sartum
545 1614 647 1672 elecem
665 1612 839 1691 ιιιρινίιὰιιγ
860 1615 934 1673 adde
946 1615 1064 1693 Rupert
1078 1615 1116 1672 ed
1128 1613 1193 1672 Jur.
1209 1611 1390 1688 11‚174-

250 1717 321 1779 176.
347 1717 419 1774 Cum
439 1723 538 1776 nostre
559 1717 792 1794 interpretatione
818 1716 894 1775 houd
921 1716 1098 1774 incommode
1118 1714 1297 1796 comparabis
1323 1715 1392 1774 Sall.

248 1817 313 1876 Cet.
334 1817 391 1894 52,
418 1820 455 1894 9,
486 1815 653 1896 respublica
670 1817 769 1891 firma
778 1860 790 1888 ,
821 1819 976 1896 opulentat
999 1817 1218 1897 neglegentiam
1245 1813 1393 1874 tolerabat

248 1926 278 1978 et
301 1918 361 1995 63,
383 1919 413 1982 6.
443 1919 492 1996 (ib.
514 1919 609 1996 cort)
637 1917 808 1997 respublica
831 1920 1040 1998 mulcedine
1064 1921 1276 1997 &reparatorum
1302 1928 1392 1996 atque

248 2022 479 2100 mgistratum
498 2019 787 2078 ermeneumata.
819 2021 902 2080 Publ.
923 2024 988 2100 Syr.
1007 2025 1080 2086 898.
1120 2019 1178 2080 Ubi
1196 2021 1292 2098 coepit
1309 2039 1391 2097 pau-

246 2145 301 2199 per
320 2123 441 2182 divium
463 2124 578 2180 imitari
585 2165 597 2194 ,
616 2123 708 2200 perit.
748 2120 904 2187 Democrit.
934 2123 1038 2204 (Orell.
1057 2123 1165 2203 Opuec.
1186 2140 1281 2200 greee
1304 2121 1325 2184 l
1345 2138 1391 2180 nr.

249 2223 299 2288 54.
320 2244 349 2302 p.
372 2225 444 2298 100)
488 2227 612 2308 Τελευτᾷ
631 2219 688 2306 yolo
707 2223 751 2296 εἰς
771 2224 950 2301 κακοδοξίαν
968 2221 1067 2306 moia
1085 2223 1105 2288 d
1125 2218 1393 2305 aepeereeeo'peeoc

171 2363 180 2371 -
247 2328 289 2411 epi
306 2327 466 2406 apolenare.
498 2325 619 2384 Pheedr.
643 2329 678 2401 1,
700 2323 749 2390 24.
769 2359 813 2372 -
833 2327 868 2386 V.
889 2327 941 2392 80.
966 2328 1049 2388 Arta
1069 2327 1151 2386 decet
1170 2345 1280 2384 sarram
1301 2326 1392 2382 comi-

248 2439 306 2486 tem
320 2439 392 2507 toga
400 2470 412 2500 ,
433 2429 451 2486 i.
473 2448 499 2492 e.
519 2428 653 2504 emicem,
671 2429 719 2506 qui
740 2429 828 2488 diem
846 2429 933 2490 cilicii
953 2429 998 2490 vel
1011 2429 1128 2490 honoris
1145 2447 1231 2488 cenea
1243 2432 1392 2505 paeonum

248 2531 277 2590 in
300 2530 368 2591 urbe
388 2531 585 2610 prosequitur,
614 2528 677 2594 coll.
703 2529 767 2590 set.
787 2535 825 2607 2,
845 2531 883 2605 ὃ,
904 2533 970 2607 17.,
997 2550 1055 2590 οοιι
1075 2532 1206 2590 comitem
1226 2529 1254 2588 in
1281 2528 1391 2604 itinere,

248 2651 333 2709 quem
359 2633 475 2711 quidem
503 2631 621 2710 intelligi
649 2632 709 2692 vult
739 2633 897 2712 Oncqaiue.
946 2629 1205 2710 ‚,lleteplroricde,
1242 2631 1346 2709 inquit,
1375 2647 1391 2688 e

332 2862 363 2938 *J
381 2871 544 2925 Contendere
558 2871 702 2927 Torrentio
717 2878 760 2925 eet
773 2873 940 2925 contentioee
954 2886 1035 2939 egere
1050 2888 1082 2924 ec
1093 2871 1199 2940 jurgeri
1217 2887 1274 2924 curn
1287 2870 1393 2941 potenti

165 3003 168 3010 .
249 2954 348 3023 emico,
363 2953 439 3008 immo
454 2964 498 3008 eet
510 2963 612 3010 amare
628 2956 821 3024 ,‚wetteifern“
836 2957 978 3025 [nreum
1000 2956 1062 3020 „Du
1076 2955 1162 3009 derlet
1178 2955 1240 3010 dielr
1256 2954 1332 3010 nicht
1344 2953 1393 3010 mit

249 3041 299 3094 mir
311 3039 480 3108 vergleiolreo
495 3039 620 3110 wollen“]
637 3049 667 3094 ut
680 3059 707 3094 r.
724 3041 769 3095 31.
795 3041 949 3096 Torrentius
968 3049 1055 3093 entem
1072 3039 1260 3094 moruorum
1275 3039 1393 3096 ordinem

249 3124 289 3178 sic
304 3124 456 3178 conetitnite
479 3161 497 3191 „
505 3123 626 3194 divitem,
648 3125 744 3196 siplae
764 3127 835 3180 torte
853 3123 1002 3194 eapientiee
1015 3133 1063 3180 ont
1075 3123 1184 3178 virtutis
1198 3125 1290 3178 minori
1304 3124 1392 3180 inesse

250 3210 380 3276 letentur,
397 3209 426 3264 id
440 3210 623 3280 perfunctorie
633 3217 676 3278 et,
691 3211 762 3280 qnod
776 3212 864 3280 ejunt,
879 3207 945 3263 dicis
959 3225 1054 3278 mure,
1068 3221 1099 3264 nt
1108 3210 1141 3264 de
1156 3209 1219 3264 fillis
1233 3211 1392 3264 materculae

248 3295 349 3362 solent,
363 3295 466 3348 lacerer
482 3309 532 3347 nno
544 3297 614 3364 qnod
623 3295 685 3349 ideo
696 3295 796 3350 moneri
807 3314 836 3350 ee
850 3295 883 3350 de
897 3295 990 3364 ritiie,
1006 3312 1075 3365 quse
1089 3295 1116 3350 ln
1130 3297 1231 3366 rnegnie
1242 3296 1337 3367 opiboe
1350 3305 1393 3350 tn·

248 3380 376 3434 terendae
389 3380 458 3449 sint,
474 3379 612 3450 petiatnr“
625 3389 679 3435 etc.
709 3380 843 3438 Drinum
865 3379 960 3449 „Mein
972 3381 1119 3449 Vermdgen
1133 3381 1170 3434 iet
1181 3399 1210 3435 ιο
1225 3397 1316 3451 grase,
1331 3381 1392 3434 dese

248 3466 293 3520 ioh
304 3465 370 3520 noch
384 3465 514 3520 Niernnnd
529 3467 622 3519 Etwee
635 3483 669 3519 en
683 3465 776 3536 stegen
786 3465 918 3530 beneclee
932 3465 976 3520 icle
990 3466 1058 3520 kern
1069 3483 1100 3518 en
1109 3466 1250 3520 lesterlrelt
1263 3466 1339 3534 ιοίο,
1355 3467 1394 3520 ele

248 3551 293 3606 ich
307 3552 392 3606 wilr‘
417 3550 547 3620 snbjieit,
562 3551 712 3622 improbate
728 3552 869 3608 Wielnadie'
878 3550 1099 3622 interpretatione
1114 3551 1194 3620 („lclr
1209 3551 1253 3605 bin
1264 3551 1336 3606 reich
1347 3569 1394 3622 ge·

249 3654 303 3705 nup
316 3654 345 3692 ee
357 3637 576 3704 eneeuhnlten“)r
590 3637 709 3704 ‚‚Nicl1t‚
725 3637 786 3692 weil
796 3637 845 3690 der
854 3635 944 3690 cuent
955 3654 984 3690 ee
998 3637 1072 3690 nicht
1084 3637 1316 3703 amonentem,
1333 3654 1393 3690 eon—

249 3725 315 3777 dern
330 3722 391 3776 weil
407 3739 436 3776 er
452 3719 508 3776 eicit
524 3719 592 3776 neoh
604 3721 664 3775 dem
678 3721 755 3776 dives
773 3721 871 3776 emicem
885 3721 987 3775 richten
1001 3723 1102 3776 mnte.“
1140 3723 1247 3776 Minime
1263 3722 1394 3793 gentium!

250 3807 333 3861 Dives
346 3807 414 3861 enim
428 3825 461 3860 ex
475 3817 564 3860 mento
577 3805 687 3861 Horatii
700 3806 750 3861 lroc
765 3805 912 3874 existimet,
934 3807 1036 3861 divitiis
1049 3822 1098 3860 eno
1114 3807 1183 3861 vitia
1199 3807 1396 3878 qualiacumque

251 3891 306 3945 elnt
319 3893 394 3962 queri
411 3892 572 3961 sustentari,
587 3893 658 3962 qood
673 3908 749 3946 tecm
759 3892 809 3946 flet
820 3893 848 3946 in
858 3892 1018 3963 pauperibus
1028 3892 1121 3961 longor
1131 3891 1304 3950 imitantibus.
1329 3889 1395 3954 Qni-

252 3975 302 4028 bne
315 3977 382 4032 enin
401 3978 488 4032 cultae
504 3981 589 4048 mejor
603 3995 684 4032 cenen
702 3978 751 4046 eit,
772 3993 820 4031 eoe
840 3978 1053 4048 quandocumque
1076 3977 1256 4048 persuaderi,
1278 3976 1306 4029 id
1324 3975 1395 4047 qnod

253 4067 308 4114 tum
319 4077 352 4112 ex
363 4063 482 4132 exemplo
496 4064 568 4118 illiue
582 4063 693 4118 hominis
704 4063 778 4118 beeti
787 4079 813 4116 ν.
824 4063 859 4120 32
868 4063 971 4131 -3e,
984 4071 1039 4118 tum
1050 4063 1135 4116 esre
1146 4066 1172 4131 2,
1182 4063 1210 4128 Β,
1219 4063 1272 4118 aot
1281 4059 1396 4116 -814,

254 4143 394 4198 evincitur.
430 4147 468 4200 nt
488 4148 539 4202 troc
559 4149 701 4203 admonere
717 4166 748 4202 eo
764 4149 848 4217 mogh
861 4147 946 4202 visum
960 4155 1003 4202 eet
1015 4147 1205 4216 neceesarium,
1220 4163 1272 4218 qno
1289 4145 1395 4216 eeeplne

254 4229 403 4296 occiderat,
419 4240 448 4284 ut
462 4232 512 4286 riri
526 4233 618 4287 enmmi
631 4233 829 4288 enablevendie
841 4232 1025 4301 interioribus,
1041 4249 1119 4304 qnam
1133 4249 1179 4286 ece
1192 4248 1240 4287 eno
1250 4249 1280 4286 ee
1290 4231 1395 4285 nodulo

252 4313 341 4370 metiri
350 4315 453 4369 nescios
463 4317 607 4385 vidissent,
619 4325 647 4372 et
656 4327 835 4374 evocarentur
845 4329 874 4372 et
883 4321 1093 4375 deterrerentur.
1109 4317 1253 4372 sultitiam
1265 4321 1351 4370 entem
1361 4335 1396 4370 ex

252 4417 325 4456 more
339 4399 452 4454 divitum
466 4419 513 4470 per
526 4401 726 4472 euphemiemmn
740 4403 896 4476 explicabis.
936 4404 976 4458 Re
989 4404 1029 4458 ite
1043 4407 1194 4474 comparato
1209 4401 1269 4473 poti
1280 4407 1323 4454 eet
1336 4419 1396 4472 per·

246 4491 336 4555 serre,
359 4487 489 4556 tolerare,
504 4496 534 4540 nt
547 4484 591 4552 14,
607 4490 649 4542 17.
671 4490 724 4545 Od.
738 4489 766 4558 ³,
781 4486 823 4559 24,
837 4487 881 4544 43.
904 4489 1009 4546 ltahuk.
1027 4490 1062 4543 nd
1076 4489 1189 4544 Terent·
1203 4488 1222 4543 l.
1234 4487 1254 4542 l.
1269 4488 1347 4544 cert.
1362 4487 1396 4543 ed

253 4571 351 4626 anen.
366 4574 392 4638 2,
406 4568 467 4626 559.
484 4569 509 4640 5,
525 4573 587 4627 778.
602 4575 629 4640 6,
641 4574 685 4628 9³.
