3458 5318
356 559 399 626 20
461 555 745 623 conquN'rsafl
765 555 808 618 IN
829 551 998 620 florum
1017 553 1092 617 LIB.
1116 552 1139 614 l.
1167 549 1293 614 arist.
1316 549 1410 612 001¹.
1475 551 1518 619 20

356 769 391 809 ss
409 748 469 808 leno
486 750 520 808 vi
539 721 758 828 mnnnnqnam
778 745 876 805 aminsi
892 742 1014 825 aliquid
1033 737 1246 800 instillandum
1260 749 1304 798 est
1319 735 1370 795 illi
1388 735 1514 798 lem'toti.

354 849 427 912 ibid.
449 854 481 927 2,
501 851 554 925 87,
572 849 646 912 866.
667 859 701 908 ut
714 849 764 908 illi
779 869 841 907 non
853 847 1014 928 infundere
1031 845 1065 902 in
1078 863 1167 902 aures
1181 853 1250 902 inas
1266 841 1443 916 maironem,
1462 837 1517 898 esd

353 955 387 1012 in
415 951 517 1010 anim
544 951 705 1009 alienatur
727 947 895 1012 humilem.
946 949 1049 1008 Senes.
1071 947 1109 1005 de
1129 945 1231 1006 Benel.
1264 941 1304 1019 6,
1336 943 1386 1006 16.
1422 939 1515 998 Alter

234 1122 240 1137 ⁸
353 1051 552 1133 (praeceptor)
571 1087 613 1097 -
634 1051 741 1132 alique
761 1051 924 1110 inaltavit
936 1069 975 1110 oc
987 1045 1240 1110 tradiditBoeth.
1255 1047 1292 1104 de
1307 1043 1426 1102 Consol.
1442 1040 1513 1122 phil.

354 1159 384 1232 1,
407 1151 439 1231 4,
461 1155 502 1218 81
525 1173 570 1232 sq.
608 1153 788 1213 Instillabas
803 1155 883 1212 enim
896 1149 1023 1211 auribus
1037 1147 1327 1230 cogitationibusque
1346 1147 1419 1204 meis
1436 1163 1512 1224 quo-

353 1257 425 1316 tidie
442 1255 680 1336 &dangos-icum
699 1254 775 1318 Suco
799 1261 875 1341 θεῷ.
902 1254 1040 1340 Similiter
1050 1253 1118 1312 Tib.
1133 1253 1166 1328 8,
1182 1251 1213 1327 1,
1230 1251 1281 1315 21.
1302 1247 1355 1326 (rbi
1369 1246 1513 1326 Huschk'.)

352 1359 503 1438 alloquitur
520 1358 664 1420 Pierides:
689 1355 752 1415 Sed
758 1359 894 1436 primam
910 1357 1048 1414 meritam
1061 1355 1154 1432 longo
1164 1351 1273 1410 &aare
1286 1349 1397 1422 salum,
1407 1349 1513 1428 Atque

351 1461 428 1520 haee
442 1458 587 1520 submisso
608 1459 698 1518 dieite
712 1457 896 1518 verbanno.
923 1455 1031 1517 Auson.
1059 1456 1153 1535 Epist.
1184 1455 1240 1525 16,
1272 1453 1325 1516 78.
1353 1455 1390 1512 ad
1410 1452 1512 1511 librum

352 1581 447 1624 suum:
473 1561 668 1622 Subnectam
688 1557 900 1618 illudisnitsr.
936 1560 1001 1619 Nisi
1031 1559 1107 1616 sorte
1133 1557 1197 1632 quis
1226 1554 1333 1615 mauult
1364 1555 1513 1633 praecepti

351 1667 513 1726 memoriam
539 1664 703 1741 significari,
723 1663 791 1740 quia
811 1659 887 1720 auris
908 1663 1004 1722 dicata
1025 1665 1071 1720 est
1090 1660 1260 1737 memoriae,
1284 1662 1321 1720 de
1334 1679 1392 1737 qua
1406 1681 1438 1720 re
1452 1663 1510 1722 vid.

350 1765 456 1828 Heiud.
478 1767 516 1827 ad
537 1766 597 1826 Sat.
622 1767 652 1842 1,
674 1763 706 1841 9,
727 1767 780 1828 77.
807 1762 923 1822 Ruunt.
944 1765 982 1821 acl
999 1762 1085 1822 ocio.
1104 1757 1177 1821 Her.
1199 1761 1251 1838 20,
1273 1761 1326 1826 98.
1402 1776 1408 1796 ·

434 1869 468 1929 V.
492 1872 542 1933 17.
569 1867 712 1925 [1116-
725 1865 871 1944 firsmus.
913 1866 956 1926 Ut
978 1883 1032 1924 uos
1053 1864 1186 1922 dicimus:
1219 1863 1295 1939 „orie
1324 1864 1362 1922 du
1387 1865 1451 1924 dich
1480 1866 1511 1925 in

349 1971 416 2030 ‹leiu
437 1969 533 2029 Gliick
554 1969 677 2043 finden,
708 1986 742 2024 so
763 1965 877 2028 werden
896 1968 948 2028 wir
964 1987 1018 2026 uns
1046 1968 1075 2025 iu
1106 1964 1171 2026 dich
1195 1964 1316 2024 findea“
1350 1997 1393 2010 -
1424 1983 1510 2045 pree-

349 2079 463 2150 ceptum
489 2077 535 2130 est
555 2069 638 2130 amici
658 2075 753 2128 aetate
774 2069 962 2148 provectioris
987 2070 1049 2127 sine
1077 2067 1242 2145 arrogantia
1271 2069 1369 2126 dstum
1387 2069 1508 2146 iuniori.

347 2170 387 2235 11
406 2173 535 2252 plerique
552 2173 723 2250 interpretes
743 2171 820 2229 idem
840 2170 946 2230 homini
966 2167 1100 2250 superbia
1120 2169 1219 2229 inflato
1239 2176 1270 2230 et
1296 2187 1388 2248 pseue
1408 2170 1509 2229 insano

347 2275 445 2336 dutum
464 2277 572 2336 vident.
615 2269 709 2348 Quid,
731 2272 757 2329 si
776 2271 930 2348 Horatius,
950 2275 999 2350 qui
1022 2271 1139 2348 quidem
1155 2271 1235 2334 celsi
1263 2272 1434 2331 modestiam
1456 2291 1509 2329 no-

347 2377 446 2451 visset,
465 2375 551 2453 longe
572 2374 647 2436 aliud
670 2374 738 2452 quid
762 2380 924 2453 spectasset
944 2391 1029 2452 quam
1049 2371 1359 2453 hominemsuperbnm
1375 2378 1405 2431 et
1417 2389 1509 2451 paene

345 2475 502 2538 unum?
532 2475 572 2534 At
590 2478 615 2536 si
642 2476 699 2536 lroc
725 2482 870 2552 nonest,
904 2475 999 2536 elicere
1023 2472 1136 2550 licebit,
1169 2473 1322 2536 Horatium
1356 2475 1511 2535 admonere

346 2577 472 2641 voluisse
494 2578 623 2654 Celsum,
645 2595 681 2636 ne
704 2579 740 2655 is,
760 2583 794 2638 ut
813 2583 881 2636 suut
899 2577 1015 2657 ingenia
1032 2576 1185 2655 hominum,
1206 2595 1225 2636 a
1246 2579 1360 2638 fortuna
1381 2579 1508 2636 secundo

345 2699 379 2739 se
396 2678 487 2758 abripi
506 2684 671 2758 poteretur,
703 2687 858 2759 propterea
885 2681 963 2758 quod
991 2675 1133 2739 difficilius
1164 2686 1261 2758 esset,
1294 2679 1433 2740 secundas
1459 2697 1507 2737 res

344 2781 421 2840 serre
443 2798 528 2858 quam
556 2783 702 2841 adversos.
745 2779 800 2842 Es't
830 2783 931 2859 igitur:
953 2779 1022 2857 „Re
1051 2779 1125 2840 bene
1147 2787 1232 2860 geste
1253 2787 1285 2840 et
1314 2784 1421 2860 gretia,
1450 2797 1507 2858 qus

344 2883 456 2964 polleas
477 2883 553 2965 apud
563 2884 722 2960 Neronem,
742 2881 889 2963 superbire
909 2881 979 2957 noli,
1000 2880 1125 2960 alioquin
1144 2885 1297 2944 verendum
1320 2891 1377 2964 est,
1392 2897 1434 2944 'ne
1459 2883 1506 2962 qui

344 2986 396 3046 tibi
415 2987 490 3048 bene
509 2988 626 3065 cupirmt
644 3005 662 3045 a
682 2985 729 3044 Te
749 2983 976 3046 abalienentur.“
1017 2983 1063 3044 Er
1084 2987 1226 3047 sententis
1253 2993 1350 3048 sutem
1377 2987 1508 3046 Bn'ton-

344 3090 408 3148 m'ci
429 3091 501 3149 haec
529 3095 625 3152 astute
647 3090 724 3148 dicta
754 3093 822 3148 sunt
852 3089 883 3146 in
910 3085 1019 3146 Tiberii
1054 3089 1184 3164 gratiam
1229 3089 1323 3150 Nobis
1351 3093 1507 3150 assentitur

344 3191 397 3250 st.
421 3190 580 3250 Jacobsius
600 3191 647 3267 (V.
666 3211 697 3269 p.
719 3187 770 3254 54.
791 3187 880 3268 942),
902 3207 987 3267 quem
1013 3189 1145 3248 Orellim
1164 3209 1281 3268 quoque
1300 3191 1439 3269 sequitur.
1463 3191 1507 3268 [lu

345 3293 447 3350 eadem
463 3293 607 3350 sententia
626 3295 690 3367 ert,
711 3297 744 3350 ut
760 3309 837 3350 nunc
855 3289 957 3368 video,
979 3289 1120 3350 Dilatum
1140 3311 1168 3370 p·
1187 3291 1269 3369 122]
1292 3287 1402 3351 Contra
1416 3293 1507 3352 Bux-

345 3392 401 3450 ten'
429 3392 514 3451 nimir
543 3397 674 3470 argutam
705 3391 881 3469 pronominis
914 3409 969 3450 noc
993 3393 1257 3472 interpretationem
1278 3393 1352 3455 bene
1380 3396 1508 3477 disputat

347 3489 563 3571 Walandius,
584 3509 748 3571 quenquam
761 3493 866 3554 nollem
880 3493 999 3554 fflnssec
1016 3515 1093 3573 „nos
1111 3495 1158 3555 die
1174 3511 1267 3574 gaure
1279 3496 1380 3577 ibrige
1396 3497 1507 3573 Welt“;

345 3591 438 3654 Poeta
456 3594 531 3653 enim
548 3601 664 3674 praeter
689 3601 803 3655 ceteros
823 3593 999 3656 intellexisse
1027 3597 1139 3658 videon
1160 3596 1239 3657 Celsi
1269 3602 1401 3674 amicos,
1428 3605 1508 3682 quod

346 3713 398 3754 cur
417 3696 532 3772 negarit
551 3699 582 3755 et
600 3697 783 3784 proverbium
805 3697 951 3777 quoddam
982 3695 1081 3776 („I)er
1106 3719 1199 3778 ganne
1218 3701 1294 3762 Vero
1322 3703 1433 3764 scheint
1453 3723 1507 3764 uns

344 3796 414 3856 aber
434 3797 582 3876 postirelre
600 3796 788 3878 Darstelluug
811 3799 891 3860 eines
912 3797 1080 3878 gangbareu
1100 3799 1357 3885 Sprichwor'tes.“)
1384 3807 1507 3866 senserit

345 3898 492 3958 Denuo.
513 3903 716 3978 p.121‚·non
736 3903 831 3960 video.
867 3900 1001 3965 Ceterum
1020 3905 1050 3962 in
1069 3904 1142 3966 hauc
1165 3905 1319 3968 clausulam
1342 3909 1418 3967 cont.
1444 3909 1505 3968 Cic.

344 3999 439 4081 Epist.
460 4001 499 4063 ud
516 3999 584 4061 Die.
604 4006 636 4081 7,
660 4005 711 4081 18,
732 4005 763 4066 3.
804 4003 942 4078 Moriar,
968 4006 1003 4061 ni
1020 4001 1114 4084 (quas
1127 4017 1181 4066 ura
1195 4007 1297 4088 gloria
1315 4009 1370 4089 est)
1385 4020 1460 4089 pulo
1479 4021 1507 4070 te

344 4103 438 4162 malle
449 4125 471 4165 a
487 4103 616 4164 Osesors
633 4105 752 4166 consuli
765 4125 858 4184 quom
876 4106 1032 4164 incnmsi:
1054 4109 1083 4166 si
1101 4127 1170 4167 vero
1185 4119 1344 4189 ulnamque
1360 4123 1405 4170 sss
1413 4155 1424 4184 ,
1439 4115 1507 4192 quis

345 4209 463 4288 lesem
472 4217 592 4284 praeter
609 4227 670 4278 me,
683 4209 739 4286 qai
750 4208 853 4265 ommis
860 4207 943 4286 sem
954 4225 1089 4284 possum.
1132 4207 1178 4268 De
1200 4211 1324 4272 dictione
1340 4213 1421 4292 fem
1431 4213 1505 4293 sor—

346 4320 453 4368 tnnam
473 4307 590 4372 disserit
609 4309 711 4367 Beier.
732 4311 770 4367 ad
792 4308 852 4369 Cic.
876 4307 962 4367 offic.
987 4313 1018 4385 1,
1041 4311 1093 4386 26,
1114 4309 1177 4388 90.,
1198 4329 1320 4390 quocum
1342 4315 1417 4374 conl.
1440 4313 1505 4374 Mu-

344 4417 399 4470 ret.
422 4410 501 4490 Opp.
522 4409 572 4470 lll.
595 4431 626 4489 p.
645 4410 719 4476 818.
741 4410 824 4470 Cort.
841 4411 880 4469 ad
902 4409 972 4470 Sall
995 4409 1059 4470 Cat.
1085 4413 1193 4490 10‚2.
1216 4417 1302 4478 etad
1329 4415 1389 4478 Cic
1400 4413 1504 4496 Epist.

344 4508 467 4572 sonis.
487 4509 521 4587 4,
541 4511 574 4589 5,
599 4507 650 4577 19.
686 4510 811 4570 Braunh.
833 4512 871 4570 ad
894 4511 953 4572 Od.
975 4516 1006 4588 2,
1024 4513 1114 4588 3,2

814 4669 1021 4680 *u—-n-——n—
