3372 5328
215 443 258 510 99
302 441 510 506 ΟΟΜΜΕΝΤ.
525 443 569 506 lN
582 443 677 511 HOB.
686 443 762 508 LIB.
773 448 797 508 1.
825 444 949 511 EPIST.
962 447 1108 520 QUART.
1119 447 1251 512 DECffl
1295 448 1358 516 199

215 629 311 710 npnc
333 634 369 708 1,
391 631 447 706 18,
469 631 542 696 107.
571 629 607 692 C.
625 631 745 694 Pastor.
765 633 806 699 N.
826 633 879 700 63.
906 631 1013 696 Weber
1031 635 1061 696 in
1085 634 1259 712 „Arcturi
1280 638 1354 702 Phil.

213 752 244 794 u.
262 730 389 810 Pcedag.
412 729 581 809 181911,
604 735 632 800 2·
658 755 690 816 p.
713 734 784 802 297.
814 735 848 798 In
867 737 1039 798 sententiam
1061 738 1162 799 Senec.
1184 739 1279 818 Epist.
1300 742 1352 808 65.

218 834 355 895 onoma
376 835 453 894 enim
472 833 622 896 tomimm
642 835 797 896 cadurcium
817 838 967 898 exicdmat
986 837 1099 919 euuigin
1121 849 1149 896 et
1167 860 1306 901 acernum
1326 853 1355 902 et

211 957 244 998 ea
262 943 432 998 contentum
448 934 563 1018 cibique
582 940 747 1010 viventem,
774 959 901 1019 purorum
921 940 1002 1000 nitu
1024 939 1084 1000 ulli
1106 944 1275 1022 condirgere
1293 947 1355 1004 πίει·

209 1040 341 1119 sapienti
355 1049 458 1118 potent.
501 1039 560 1100 Illo
581 1041 700 1120 quidem
721 1039 811 1100 nulla
831 1062 862 1100 re
880 1041 1097 1102 ordeumccii
1114 1041 1174 1102 ridi
1190 1047 1350 1108 vivereetc.

166 1171 174 1194 κ
293 1141 329 1202 V.
354 1143 385 1206 2.
410 1142 442 1204 3.
467 1139 637 1202 tatiacum
662 1143 792 1223 quinque
808 1142 901 1221 sooie.
939 1143 1026 1204 Aen:
1057 1146 1207 1224 „castigat
1230 1147 1352 1208 villicum

207 1264 305 1322 nuum,
326 1244 400 1322 quod
421 1241 460 1302 illi
478 1262 549 1320 eger
570 1243 703 1321 sordeat,
723 1263 808 1322 quem
827 1245 951 1322 quinque
973 1245 1140 1324 aliquando
1159 1250 1351 1328 possederunt

206 1344 395 1410 renatoreu.“
422 1343 578 1424 Porphyr.:
608 1345 687 1423 „qui
713 1345 787 1404 olim
806 1345 930 1423 quinque
951 1357 1116 1408 aenatorum
1134 1347 1224 1408 luit.“
1255 1351 1349 1410 Schol

207 1450 313 1526 (ἔτυψε
335 1465 522 1526 „portentum
541 1466 560 1506 a
579 1448 702 1524 quinque
722 1446 804 1506 bonis
825 1447 986 1525 panibusf‘
1009 1479 1051 1494 -
1071 1448 1274 1528 „Valeriemea
1295 1453 1349 1530 igi-

204 1559 254 1614 tur
281 1558 427 1612 aenotorcr
454 1547 576 1626 agellum
604 1568 685 1610 sumn
704 1549 869 1627 possedon
894 1550 1073 1626 significat.“
1111 1551 1191 1612 Hanc
1212 1554 1349 1631 temporis

203 1654 383 1715 notationem
404 1670 465 1710 cunr
479 1649 641 1722 Marcilr'o,
663 1651 837 1722 Piscatore,
861 1649 1022 1724 elratoria,
1045 1653 1176 1712 Docerlo
1196 1654 1349 1731 multisque

203 1757 267 1816 aliia
286 1753 431 1831 negligere
449 1773 508 1814 non
528 1752 672 1814 debebant
691 1751 910 1814 Mitcclrcrlielr.
930 1752 965 1826 (1.
982 1773 1012 1833 p.
1031 1751 1191 1834 CLXXX),
1214 1754 1247 1812 0.
1266 1757 1348 1814 Par·

203 1858 307 1917 mono
332 1854 385 1934 (Ν.
409 1852 494 1934 229.)
520 1859 551 1916 et
580 1853 734 1926 Oramus,
763 1855 812 1934 qui
835 1852 997 1934 Participiak
1010 1854 1199 1928 habitatum,
1226 1857 1348 1918 murum

201 1957 363 2040 praesentia
382 1956 517 2036 temporie
534 1957 594 2016 rice
611 1957 691 2035 iungi
708 1956 762 2016 eibi
779 1956 984 2047 persuadentes
998 1956 1184 2018 Horatianum
1199 1960 1347 2042 praedium

201 2079 221 2119 a
242 2057 512 2138 quinquennum,
540 2059 561 2124 i.
578 2079 605 2119 e.
627 2058 755 2138 putribus
780 2057 916 2134 familiar,
946 2057 1053 2118 civibus
1073 2059 1202 2120 Varianis
1224 2061 1270 2122 rel
1291 2081 1345 2141 pro

151 2195 154 2202 ⁴
201 2167 282 2224 certa
299 2161 430 2220 mercede
455 2157 499 2220 rel
524 2181 578 2240 pro
607 2163 764 2222 constituta
789 2166 944 2240 proventus
972 2166 1054 2239 parte
1075 2161 1220 2220 etiamtum
1241 2163 1345 2223 cultum

200 2269 232 2326 ec
256 2267 334 2322 certe
355 2260 510 2322 habitatum
531 2261 619 2324 fonce
640 2263 800 2342 opinantur.
839 2261 914 2322 Huic
934 2260 1114 2342 explicationi
1140 2262 1273 2324 sollerter
1292 2267 1346 2326 ad·

198 2371 330 2426 vereatur
355 2361 568 2444 Dillendnrger
587 2372 617 2425 et
634 2365 663 2428 in
683 2364 752 2424 edit.
769 2364 869 2426 Horat.
890 2369 919 2424 et
940 2364 969 2422 in
987 2362 1088 2442 Progr.
1106 2365 1195 2426 schol.
1214 2365 1344 2445 (Aachcu

198 2463 293 2534 1841.
324 2466 402 2546 quod
428 2467 594 2546 inscriptum
615 2473 676 2528 ert:
706 2459 963 2548 „Horatian‹r“)
988 2487 1018 2548 p.
1044 2466 1094 2532 19.
1114 2485 1195 2546 sqq„
1224 2469 1342 2548 neojur

197 2571 249 2630 riri
270 2568 428 2648 doctissimi
449 2571 591 2632 sententie
609 2570 639 2629 in
660 2567 780 2648 singulis
802 2575 910 2628 tantum
931 2568 1001 2628 locis
1021 2587 1079 2630 non
1099 2587 1217 2647 porrum
1236 2571 1341 2646 facere,

196 2675 264 2752 quin
286 2673 439 2732 discedam.
474 2671 587 2734 Acriter
615 2673 728 2750 quidem
756 2677 785 2732 et
804 2659 843 2729 'in
871 2670 938 2732 edit
959 2669 1084 2728 secunda
1111 2689 1191 2732 ruam
1213 2671 1341 2732 defendit

195 2775 365 2836 sententium
391 2771 541 2846 Orelliue,
563 2793 619 2852 qua
636 2775 783 2852 portiones
804 2773 894 2832 totius
910 2772 990 2832 inndi
1011 2777 1079 2830 tunc
1100 2791 1213 2849 quoque
1233 2772 1341 2834 colonia

195 2877 250 2938 illie
271 2875 389 2951 cingulis
411 2873 561 2933 admodum
578 2873 705 2934 modicae
722 2873 830 2932 locatur
851 2874 955 2950 suinae,
978 2893 1034 2952 qno
1052 2871 1152 2932 melius
1171 2873 1340 2950 colerentur,

193 2995 316 3059 proraua
336 2981 370 3033 ut
391 2992 466 3034 nnnc
486 2973 598 3034 uoleant
621 2973 684 3034 Itali
706 2973 861 3054 locupletes
881 2976 938 3034 uuis
958 2973 1065 3032 colonie
1085 2971 1125 3050 (θ’
1145 2975 1207 3034 suoi
1224 2973 1341 3053 massaj)

194 3081 281 3152 dicit,
310 3081 341 3136 at
360 3091 480 3151 vereor,
507 3092 544 3134 ne
572 3080 650 3132 certa
675 3073 758 3152 hujur
783 3075 870 3134 moris
891 3075 921 3132 in
943 3092 1013 3152 agro
1037 3073 1192 3134 Horatiano
1219 3075 1339 3134 colendo

193 3179 358 3244 testimonio
378 3177 482 3238 derint.
515 3174 547 3234 Si
567 3175 687 3251 iumset,
707 3175 855 3236 Horatium
876 3177 943 3238 talia
957 3173 1048 3234 villico
1065 3176 1238 3252 experientia
1252 3177 1339 3236 edoc-

192 3289 223 3344 to
249 3303 309 3344 non
336 3287 395 3339 tam
422 3275 577 3355 loquaciter
598 3281 681 3352 quasi
707 3255 856 3337 emnasse
878 3276 1045 3338 crediderim
1054 3269 1096 3359 *).
1132 3276 1180 3338 De
1200 3277 1337 3338 vocabulo

185 3386 269 3464 ficia
288 3385 308 3444 i.
331 3402 357 3442 e.
378 3378 568 3459 „dornibua,“
588 3382 619 3437 ut
639 3386 717 3440 reete
738 3379 833 3440 Schol.
855 3379 955 3456 Cruq.‚
983 3375 1113 3436 Orelliur
1133 3380 1244 3440 confert
1261 3380 1336 3439 Plat.

193 3489 230 3546 de
245 3484 343 3562 Legg·
362 3486 392 3547 1.
412 3502 443 3561 p·
464 3477 538 3545 642.
559 3479 592 3539 B·
612 3475 702 3561 op‘priv
723 3479 746 3562 ἡ
766 3479 867 3558 ἑστίας
887 3479 1016 3540 eimiliter
1038 3481 1125 3558 Rntg.
1146 3478 1240 3542 Leett.
1262 3482 1336 3564 Ven,

191 3608 220 3667 p.
237 3587 311 3652 483.
341 3583 466 3642 Brouth·
486 3582 523 3640 ed
543 3580 631 3660 Prop.
646 3581 725 3660 3‚4‚
740 3584 790 3647 16.
812 3582 1016 3661 Porphyrionis
1030 3581 1192 3660 explicatio:
1213 3584 1334 3661 „quinep

192 3688 297 3767 villie‚“
320 3685 386 3745 fone
401 3683 551 3743 multorum
573 3701 700 3744 errorum
720 3685 788 3762 tuit,
809 3691 843 3744 ut
862 3685 936 3743 inira
956 3683 1075 3742 dicetur.
1105 3683 1334 3742 Difficilioreonc

193 3792 321 3867 quaestio
343 3787 379 3848 de
400 3788 532 3868 qudrqrae
553 3783 637 3843 donis
653 3783 795 3866 patrituo
816 3792 876 3865 eet,
897 3804 987 3867 quos,
1007 3787 1139 3864 quoniam
1155 3783 1334 3845 scholiastae

273 4055 304 4129 11)
320 4059 424 4118 Nostra
443 4059 634 4134 interpretatio
651 4057 680 4112 in
694 4057 816 4131 Zumptio
838 4075 958 4132 quoque:
983 4057 1096 4130 „Uiber
1111 4057 1159 4112 dae
1174 4059 1267 4113 Labor
1282 4058 1329 4111 dee

193 4143 304 4198 Horac“
320 4153 373 4198 otc.
389 4165 434 4220 ap.
448 4149 582 4202 wiotan.
597 4147 633 4200 ed
645 4145 743 4199 Horat.
760 4145 844 4200 Satir.
860 4163 888 4218 p.
904 4147 963 4214 17„
984 4143 1168 4214 gravissimum
1181 4145 1265 4196 habet
1278 4158 1327 4214 pa·

193 4237 314 4298 tronum,
334 4240 429 4288 coum
452 4231 566 4288 Vincenti
584 4230 791 4302 (Iconogrnphio
807 4231 884 4285 Rom.
898 4231 921 4286 1.
937 4248 966 4302 p.
981 4230 1057 4297 392.)
1077 4245 1134 4283 cnm
1155 4229 1214 4282 uilia
1235 4225 1328 4281 renuit.

193 4313 235 4369 De
248 4333 355 4370 numero
371 4319 482 4390 qu'apuc
495 4317 595 4390 ambigi
609 4323 714 4389 potest,
732 4333 809 4388 quum
822 4315 866 4370 iric
880 4321 911 4369 ut
924 4316 952 4383 ’1,
969 4319 994 4371 1.
1009 4313 1140 4369 rotundus
1154 4311 1243 4384 poerit
1258 4329 1328 4381 cera,

124 4451 129 4462 .
195 4399 227 4454 de
241 4419 294 4472 qua
306 4419 338 4458 ra
351 4404 423 4460 dixit
437 4405 591 4476 satana,
609 4403 643 4458 V.
658 4404 712 4473 CL,
727 4403 756 4458 in
771 4399 915 4473 „Scholion
927 4416 960 4456 nu
971 4401 1024 4464 Qu.
1039 4397 1170 4454 Horatius
1184 4397 1327 4451 Flaccus-‘¹
