3458 5318
213 505 258 568 76
336 501 622 562 cormunt
642 500 686 562 IN
705 498 961 561 nonarum
977 499 1000 558 1.
1022 497 1146 562 arlsr.
1167 497 1256 558 DEC.
1288 533 1295 542 ·
1332 492 1374 560 75

175 753 177 758 ,
212 689 353 750 Horatiae
372 689 444 748 haec
465 689 560 750 officia
580 687 652 748 aetia
673 685 727 746 eibi
748 687 929 746 incommode
945 703 1069 763 perosus
1088 685 1249 746 Maecenati
1267 704 1323 744 ano
1341 687 1374 760 7,

213 793 266 856 36.
293 791 463 852 declararitt
499 811 554 848 nec
589 789 660 850 Octa
690 789 804 848 divitiis
824 785 967 844 Arabum
996 785 1150 846 liberrima
1169 799 1261 848 muto.
1303 785 1374 845 Inde

213 895 300 954 etiarn
318 894 487 972 explicanda
507 911 562 950 von
593 891 643 968 14,
667 895 696 955 1.
744 889 853 950 Villae
872 921 915 934 -
936 887 1012 946 mae'lzi
1034 909 1081 946 me
1099 890 1251 948 reddentis
1270 887 1374 970 agelli.

213 997 297 1056 Conf.
319 997 383 1056 sat.
408 999 440 1068 2,
469 995 500 1069 6,
522 993 573 1056 66.
602 995 643 1056 80
671 1009 738 1070 sqq.
771 995 802 1068 1,
824 991 952 1068 6,110.
983 991 1078 1069 Epist.
1101 995 1130 1070 1,
1151 993 1203 1068 18,
1225 990 1277 1058 24.
1312 989 1375 1050 Vox

211 1115 329 1179 magna
345 1099 434 1176 igitar
456 1114 509 1154 eon
529 1095 689 1172 significat,
715 1095 764 1172 qui
791 1091 866 1174 μέγα
886 1088 1041 1156 δύνασθαι
1069 1095 1219 1170 dicuntur,
1251 1095 1288 1152 de
1318 1110 1376 1173 qna

212 1202 421 1280 significatione
442 1197 508 1254 vide
537 1215 612 1274 quos
640 1195 761 1256 laudant
785 1195 887 1254 Jacob.
920 1197 976 1266 Qn
997 1195 1080 1274 Epic.
1107 1217 1136 1276 p.
1164 1195 1215 1258 86.
1248 1194 1373 1254 Seebod.

211 1303 370 1382 „Scholion
390 1321 428 1360 zn
448 1299 506 1366 Qu.
528 1298 600 1356 Hor.
622 1298 693 1356 Fl.“
712 1296 735 1355 Ι.
756 1318 785 1374 p.
807 1299 838 1362 8,
860 1299 902 1374 9.,
925 1297 1027 1375 quibus
1049 1299 1124 1356 adde
1145 1297 1233 1357 Febr.
1254 1299 1292 1356 ad
1308 1295 1373 1356 Liv.

212 1407 268 1482 23,
288 1404 343 1480 42,
363 1404 393 1466 9.
416 1399 544 1460 lrmisch.
566 1401 604 1458 ad
624 1400 779 1460 Herodian.
811 1401 841 1474 1,
865 1400 968 1474 6,17.
996 1395 1135 1482 (peyo‘toc
1162 1399 1214 1464 zoi
1243 1396 1374 1477 torota)

211 1528 243 1586 p.
266 1507 339 1573 216.
369 1501 505 1564 Kainoel.
538 1502 573 1560 ad
602 1500 714 1579 Evang.
744 1500 848 1562 Matth.
882 1500 934 1576 20,
968 1499 1018 1565 26.
1058 1502 1106 1562 Ne
1125 1503 1189 1580 quie
1212 1502 1241 1560 in
1262 1501 1375 1561 Neutro

211 1623 330 1688 magica
349 1612 517 1684 argutetnr,
538 1603 650 1663 cavebit
668 1604 785 1681 elegans
806 1605 1043 1666 Mitocberliclcii
1060 1611 1090 1664 et
1111 1603 1317 1682 Peerlkampii
1338 1603 1377 1662 ad

210 1712 272 1772 Od.
297 1713 329 1787 1,
349 1707 404 1784 84,
427 1702 562 1772 12-14,
584 1708 750 1783 annotatio,
779 1727 899 1786 qmcran
924 1709 1001 1768 cont.
1029 1710 1153 1786 interpp.
1182 1708 1219 1766 ad
1241 1705 1374 1783 Thucyd.

210 1813 246 1890 3,
269 1815 320 1876 11.
343 1808 456 1888 (Poppo
476 1830 506 1888 p.
531 1802 606 1885 104)
628 1815 658 1866 et
678 1810 716 1866 nd
733 1809 827 1888 Epist.
845 1810 926 1870 Pani.
948 1811 986 1870 ad
1008 1810 1137 1869 Corinth.
1161 1813 1190 1886 1,
1210 1812 1241 1887 1,
1258 1810 1310 1874 27.
1323 1807 1374 1871 28.

214 1945 253 1960 ·-
276 1911 332 1972 tub
345 1931 480 1992 paupere
497 1920 584 1985 tecto,
607 1914 708 1988 utpote
730 1913 814 1972 aneni
834 1913 1033 1974 mediocritate
1047 1913 1174 1972 contenti
1191 1912 1248 1970 od.
1271 1912 1304 1985 2,
1320 1909 1375 1986 10,

212 2019 245 2080 6.
276 2016 325 2074 Sic
349 2015 407 2074 on.
436 2013 468 2090 3,
492 2013 544 2088 29,
569 2006 619 2073 14.
649 2031 747 2088 parvo
768 2013 824 2072 cub
852 2014 916 2072 lare
932 2033 1113 2092 puerperam.
1145 2016 1249 2074 Senec.
1272 2014 1374 2074 Octav.

211 2115 287 2182 894.
308 2118 395 2174 Bene
411 2125 578 2194 paupertas
600 2112 726 2170 Humili
745 2125 820 2172 tecto
841 2128 978 2176 contenta
998 2117 1081 2176 latet.
1095 2151 1138 2163 -
1151 2117 1187 2176 V.
1204 2117 1256 2180 88.
1276 2117 1376 2194 Reges

210 2219 284 2278 aiio·
306 2220 496 2278 verecundum
515 2221 701 2294 patronorum
721 2237 825 2280 nomen
846 2220 918 2298 (vid.
939 2223 972 2297 7,
992 2219 1070 2298 89),
1092 2219 1138 2278 hic
1158 2218 1195 2277 ob
1217 2219 1376 2278 contrario·

210 2335 275 2382 rum
293 2324 349 2380 vim
366 2337 453 2380 sensu
472 2318 607 2396 proprio,
629 2338 793 2398 regumque
813 2324 906 2380 amini
929 2323 1081 2382 consiliarii
1107 2328 1137 2381 et
1157 2339 1251 2382 renim
1271 2331 1376 2396 geren·

209 2425 314 2484 darum
333 2424 470 2498 ministri,
492 2420 528 2479 ab
551 2421 756 2500 interpretibus
776 2421 1000 2502 Francogatlicie
1029 2443 1131 2502 parum
1158 2431 1291 2482 accurate
1309 2421 1375 2500 „leo

209 2529 317 2588 favoris
336 2525 387 2586 dos
405 2525 487 2583 roia“
517 2521 580 2602 (qni
611 2525 671 2583 fere
698 2529 766 2582 sant
793 2527 901 2604 mgni
926 2527 972 2586 vei
997 2537 1131 2604 potentee
1150 2526 1245 2584 atroci
1260 2541 1376 2604 regam,

207 2625 399 2706 principum)
420 2627 525 2686 vocati.
560 2623 625 2682 vid.
655 2625 737 2684 Cort.
760 2628 797 2686 ad
818 2627 886 2686 Sall.
910 2628 976 2707 Ing.
999 2626 1052 2706 74,
1075 2632 1105 2692 1.
1138 2628 1238 2688 Burm.
1259 2630 1297 2688 ad
1314 2625 1376 2686 An·

209 2731 285 2792 thol.
306 2731 357 2790 let.
378 2729 401 2786 1.
425 2749 455 2807 p.
481 2724 554 2792 284.
575 2727 608 2786 ln
629 2727 713 2786 simili
733 2747 765 2788 re
791 2737 1000 2809 componuntur
1021 2749 1068 2811 ep.
1097 2732 1225 2810 Epictet.
1244 2729 1323 2790 Dies.
1343 2725 1376 2806 4,

210 2837 242 2910 1,
266 2831 318 2896 61.
342 2831 374 2894 οἱ
395 2831 526 2910 βασιλεῖς
552 2825 710 2909 λεγόμενοι
737 2835 767 2890 et
788 2829 821 2892 oi
838 2833 925 2908 otios
952 2837 1013 2896 cciv
1035 2831 1191 2914 pocritae.
1226 2833 1378 2892 Ducarius

208 2939 362 3010 comparat
382 2933 463 3008 Virg.
485 2931 540 2988 Ge.
558 2929 590 3006 4,
610 2932 683 2994 132.
705 2931 827 3010 Regum
845 2933 998 3011 aequabat
1018 2954 1087 3011 open
1107 2937 1223 3005 mimo,
1244 2935 1376 2994 sednon

208 3033 308 3094 minna
338 3031 447 3090 saciant
476 3031 515 3089 ad
544 3051 606 3090 rern
633 3032 761 3110 exempla
781 3051 827 3110 ap.
852 3035 912 3093 Cic.
929 3037 960 3094 in
980 3035 1069 3094 Tunc.
1093 3034 1124 3112 6,
1142 3036 1196 3108 82,
1216 3033 1269 3097 92.
1301 3035 1377 3096 Plin.

206 3135 249 3197 Η.
266 3134 307 3194 Ν.
327 3135 359 3210 7,
380 3129 432 3196 46.
464 3131 526 3192 val.
547 3131 626 3192 Max.
649 3133 681 3206 7,
704 3135 734 3208 1,
757 3136 787 3197 2.
817 3133 913 3196 Schoi.
943 3136 981 3194 ad
1004 3134 1069 3192 Juv·
1102 3132 1153 3212 14,
1181 3135 1252 3198 120.
1288 3133 1376 3214 Diog.

207 3235 312 3296 Laert.
343 3238 375 3312 2,
408 3235 460 3298 25.
490 3239 521 3294 et
548 3235 586 3293 de
616 3233 771 3292 infortunio
802 3243 1022 3313 purpuratorum
1051 3237 1240 3316 ditiortnnqne
1272 3237 1375 3300 senec.

207 3337 307 3416 Epist.
328 3337 381 3398 76.
410 3335 481 3400 116.
519 3333 616 3412 Atque
642 3335 717 3394 hand
747 3337 807 3394 scio
836 3357 874 3398 an
895 3339 1001 3398 Poetae
1031 3339 1125 3398 naimo
1147 3337 1293 3400 obversati
1313 3339 1376 3418 ipae

210 3437 360 3514 Augustus
383 3445 412 3496 et
433 3437 586 3496 Maecenas
608 3440 684 3514 nint,
707 3439 743 3497 de
768 3439 816 3498 illo
838 3441 949 3500 Seneca
969 3441 1006 3498 de
1026 3439 1113 3499 Brea.
1135 3440 1193 3500 Vit.
1220 3441 1250 3503 6.
1283 3442 1375 3502 Gean.

208 3541 250 3600 nd
273 3539 437 3598 Chrestom.
468 3538 540 3598 Plin.
562 3539 665 3598 xxm.
696 3561 727 3618 p.
754 3543 817 3605 219
838 3559 921 3620 sqq„
954 3543 991 3600 de
1019 3542 1074 3602 hoc
1102 3557 1262 3620 quanquam
1288 3546 1375 3625 pcnlo

208 3641 365 3720 malignius
399 3642 510 3701 Seneca
538 3642 575 3699 de
605 3641 723 3702 Provid.
755 3643 806 3718 8.,
838 3645 914 3704 conf.
945 3643 1083 3704 Methora.
1113 3645 1243 3704 Moeren.
1276 3668 1301 3708 c.
1324 3651 1376 3714 27.

209 3767 239 3825 p.
264 3744 336 3807 169.
378 3743 503 3802 Vieconti
523 3744 713 3822 Iconogrnph.
732 3745 816 3804 Rom.
839 3746 863 3823 1,
878 3749 907 3809 2.
928 3765 957 3824 p.
972 3745 1044 3809 403.
1071 3747 1117 3806 Ad
1138 3747 1292 3810 dictionem
1312 3752 1376 3809 vita

207 3863 404 3925 praecurrere
423 3847 536 3906 laudavi
555 3845 623 3904 olim
642 3848 705 3906 (ic.
721 3846 808 3905 Catil.
819 3843 851 3922 4,
862 3849 895 3922 9,
915 3846 965 3908 19.
985 3849 1062 3928 Nep.
1074 3849 1180 3909 Thrae.
1200 3853 1231 3926 1,
1250 3850 1280 3914 8.
1302 3851 1375 3913 Tac.

210 3947 287 4008 Dici.
305 3951 357 4024 22,
369 3951 400 4012 2.
421 3947 504 4027 (ibiq.
516 3947 659 4028 Rupert.)
678 3949 723 4006 Ita
733 3947 839 4006 Graeci
853 3947 1100 4030 παρατρέχεσθαι.
1114 3949 1221 4012 Matth.
1234 3954 1272 4012 nd
1282 3953 1376 4031 Chry-

210 4055 284 4108 nost.
312 4049 398 4110 Hom.
420 4050 453 4128 3,
481 4047 513 4112 4.
535 4069 566 4128 p.
590 4050 632 4114 80
663 4049 760 4114 moen.
783 4051 821 4110 ed
840 4049 900 4114 cic.
916 4071 961 4130 pr.
982 4052 1071 4112 Bone.
1090 4051 1155 4112 Am.
1178 4053 1231 4130 25,
1253 4057 1304 4118 69.
1333 4055 1375 4114 Ut

211 4149 240 4208 h.
262 4149 283 4208 1.
306 4152 385 4227 vita,
412 4151 456 4210 eic
482 4147 501 4216 ὁ
528 4151 596 4230 flios
615 4151 765 4212 inBrunk.
786 4153 890 4212 Gnom.
914 4171 945 4232 p.
963 4155 1034 4218 223.
1061 4155 1127 4234 βίος
1148 4152 1243 4232 reete,
1270 4151 1310 4216 riv
1330 4175 1377 4232 τις

210 4255 256 4336 τῷ
280 4253 337 4336 §tp
366 4253 473 4337 zotpp,
506 4253 584 4332 prov
612 4259 643 4316 et
670 4253 736 4314 Del.
767 4254 868 4333 Epigr.
892 4257 922 4332 1,
944 4257 976 4333 3,
997 4256 1028 4322 b.
1057 4255 1188 4334 (Jacobs)
1217 4257 1377 4334 φροντίδες

212 4347 394 4437 atropium
415 4349 453 4416 ori
475 4355 557 4434 β1ος,
580 4347 655 4418 nturi
681 4352 791 4432 πόνος.
816 4355 901 4435 Vulp.
923 4359 961 4416 ad
983 4356 1091 4416 Catuli.
1113 4356 1175 4420 105
1195 4354 1296 4434 (107),
1317 4359 1349 4422 8.

295 4457 332 4516 V.
354 4453 495 4520 34-41.
521 4458 632 4518 vauo
653 4475 763 4536 equum
779 4491 823 4504 ·-
845 4461 953 4516 meiat
975 4461 1030 4520 uti.
1050 4457 1109 4516 lem
1127 4457 1205 4532 quod
1225 4464 1294 4520 ante
1313 4461 1374 4540 eig-

213 4557 337 4620 nttioavit
356 4557 464 4636 Poeta,
486 4559 598 4639 plnniua
619 4561 756 4638 exponit,
782 4561 834 4636 „in
862 4559 1046 4620 affectatione
1065 4559 1228 4636 Principum
1251 4563 1375 4623 enimin
