3430 5324
366 535 425 599 leo
473 509 971 596 conuuurnurronnrnr.
1003 533 1413 600 remuneratorem.
1458 541 1497 604 ιο

363 723 495 787 amabis
518 724 652 800 conjungi
675 723 788 800 juberet
813 721 877 782 coll.
905 722 1499 808 Virg.den.8‚1236.bacinterpreta-

361 830 504 911 tionerl„
513 825 561 884 Sic
581 843 672 904 pones
691 827 737 902 et,
758 845 844 904 quum
865 827 1014 902 posueris,
1032 827 1115 885 etiam
1136 828 1177 884 sic
1194 826 1339 904 servabis,
1361 829 1426 887 ne“
1448 835 1500 888 etc.

362 931 430 989 Vult
449 937 560 1002 nmen,
588 932 695 985 utnon
716 933 776 986 tam
797 927 945 1004 singularis
971 928 1140 986 voluminum
1164 929 1293 1006 positura
1320 929 1500 1005 significetur,

361 1049 445 1111 quam
465 1029 556 1108 ipsius
576 1027 693 1088 actionis
713 1029 807 1104 imago
828 1028 930 1088 clarius
949 1028 1032 1086 nobis
1053 1036 1118 1088 ante
1140 1029 1238 1088 oculos
1258 1035 1390 1108 ponatur.
1428 1029 1501 1107 Ipsis

360 1131 454 1194 verbis
475 1129 640 1210 particulam
657 1131 700 1188 ric
716 1130 870 1203 δεικτικοῖς
890 1129 938 1209 (ex
958 1137 1040 1207 parte
1058 1130 1123 1188 coll.
1145 1131 1207 1190 Sat.
1225 1137 1255 1209 1,
1280 1132 1399 1206 2,106.
1419 1130 1498 1207 Virg.

361 1233 433 1295 Aen.
453 1236 484 1308 2,
503 1229 576 1295 644.
597 1232 651 1291 Ge.
671 1229 703 1308 4,
720 1233 791 1296 208.
812 1232 873 1292 Ecl.
894 1236 924 1309 2,
945 1233 999 1312 55)
1021 1233 1161 1311 accipiunt
1186 1234 1336 1312 Cruqur’rca
1346 1276 1358 1304 ‚
1378 1232 1499 1311 Kyton-

361 1337 429 1416 ὢν,
456 1337 624 1404 Dacerr'uc,
652 1333 855 1412 Doera‘ngr'us,
882 1333 1058 1402 [ruotrudem
1088 1333 1296 1407 Weidner-tus,
1322 1336 1380 1394 alii.
1409 1334 1499 1395 Recte

361 1445 507 1518 comparat
527 1435 682 1511 Benth'us
704 1443 820 1514 praeter
835 1435 900 1494 illos
919 1438 997 1495 locos
1018 1435 1103 1494 Mart.
1128 1434 1163 1512 5,
1185 1438 1214 1498 6.
1249 1437 1316 1496 Nec
1333 1439 1499 1516 porrexeris

360 1545 434 1618 reta,
454 1541 509 1600 aed
528 1539 699 1607 terretorio,
720 1547 864 1616 tanquam
885 1537 965 1595 nibil
982 1537 1094 1618 afferas
1114 1557 1256 1618 agarque.
1298 1538 1336 1596 Si
1354 1540 1426 1597 novi
1445 1538 1499 1597 do-

360 1646 475 1703 minnm
501 1660 605 1700 novem
630 1659 780 1710 sororum,
818 1639 902 1696 Ultro
929 1659 1115 1717 purpureum
1139 1651 1220 1718 petet
1249 1637 1393 1704 libellum.
1442 1640 1499 1710 Qui

358 1747 451 1806 locum
470 1748 510 1805 sic
528 1741 646 1817 intelligi
665 1740 785 1799 malunt:
804 1725 1040 1817 „onus‘humeris
1058 1745 1103 1802 rel
1126 1749 1208 1820 tergo
1228 1743 1354 1823 positum
1375 1743 1417 1801 sic
1438 1761 1497 1801 ser-

358 1847 486 1924 rabis,“
513 1845 532 1902 ii
554 1864 581 1902 v.
603 1845 647 1900 ric
666 1863 719 1922 per
739 1841 915 1922 hyperbaton
943 1844 1084 1921 explicent
1110 1865 1230 1904 necesse
1254 1851 1314 1922 est,
1342 1851 1374 1904 ut
1402 1843 1497 1923 Epod.

359 1949 390 2026 b,
412 1947 463 2012 81.
490 1948 549 2006 Sat
569 1946 646 2022 1,3,
664 1947 733 2010 132.
759 1947 789 2022 2,
806 1944 857 2006 36.
875 1944 946 2006 106.
968 1943 999 2021 5,
1015 1947 1065 2008 69.
1088 1945 1180 2024 Epist.
1201 1950 1228 2019 1,
1247 1947 1299 2024 10,
1315 1945 1398 2025 18.(
1436 1948 1443 1959 “

357 2049 462 2108 invdia
481 2069 534 2128 pro
556 2049 629 2109 min.
662 2043 809 2126 divellat).
842 2044 967 2103 Aliorum
991 2048 1147 2106 tentamina
1171 2048 1253 2106 obelo
1281 2049 1406 2108 notanda
1433 2053 1498 2107 sunt

356 2160 389 2213 ut
406 2153 449 2215 D.
471 2152 609 2212 Heinair':
635 2153 758 2230 „Quum
777 2171 811 2209 eo
832 2149 1011 2225 perveneris,
1040 2169 1160 2226 seponas
1180 2170 1252 2209 onus
1273 2171 1364 2229 neque
1382 2147 1496 2210 ridicule
1572 2181 1574 2186 ·

355 2255 408 2315 sub
429 2254 475 2314 ala
492 2252 636 2330 gestabis,
661 2273 697 2312 ne
718 2251 816 2310 aulicis
832 2256 861 2308 et
873 2251 927 2328 ipsi
941 2271 1024 2328 quem
1038 2251 1099 2310 adis
1113 2252 1237 2332 Principi
1251 2252 1337 2310 risum
1355 2249 1497 2327 debeas,“

355 2363 387 2416 nt
409 2355 572 2415 Waddelr':
603 2355 753 2431 „jusserat
774 2373 801 2411 r.
821 2355 850 2414 6.
872 2353 1013 2413 sarcinam
1034 2353 1175 2432 abjicere,
1201 2355 1227 2412 si
1248 2359 1395 2431 gravaret,
1421 2372 1495 2410 nunc

354 2463 469 2533 monet,
491 2458 591 2516 sinon
609 2453 761 2530 abjecerit,
783 2456 926 2531 quomodo
947 2475 979 2515 se
999 2457 1135 2514 decenter
1150 2475 1250 2533 gerere
1265 2455 1368 2514 debeat
1384 2455 1412 2512 in
1425 2472 1495 2512 con-

355 2565 457 2638 spectu
479 2555 655 2634 Caesaris,“
676 2563 708 2615 ut
728 2555 765 2612 ds
785 2555 961 2614 Marullesi:
983 2577 1082 2634 „vous
1104 2558 1242 2636 gardercz
1263 2558 1495 2635 soigneuscment

352 2666 434 2718 rotre
454 2658 557 2738 charge
578 2660 648 2718 mise
671 2679 708 2719 en
727 2657 848 2737 quelque
869 2659 923 2718 lieu
944 2660 981 2719 de
1001 2663 1131 2736 scuretd,
1153 2660 1189 2718 de
1206 2679 1278 2739 peur
1295 2677 1350 2736 que
1370 2676 1439 2717 rous
1455 2674 1493 2715 ne

353 2763 494 2844 portiez“
516 2769 572 2822 etc.

437 2866 469 2926 V.
492 2867 540 2929 18.
571 2866 700 2922 rusticus
719 2883 843 2944 agnam.
881 2865 944 2924 lam
966 2865 1100 2945 proponit
1120 2861 1212 2943 tria*)
1233 2863 1360 2941 exempla
1376 2859 1412 2918 ab
1428 2858 1493 2917 dsi-

351 2989 407 3029 nae
427 2969 485 3028 filio
509 2988 567 3028 non
589 2967 733 3031 imitanda.
775 2966 850 3038 Quid
870 2973 965 3026 autem
984 2969 1013 3025 in
1035 2966 1092 3026 boc
1113 2967 1237 3046 exemplo
1257 2968 1421 3026 indecorum
1440 2962 1491 3020 lsa-

352 3071 445 3131 buerit
469 3074 584 3149 jocosus
613 3069 704 3128 Poeta
726 3101 770 3114 -
795 3068 960 3127 fasciculum
986 3073 1018 3126 ut
1043 3089 1145 3148 agnum
1173 3088 1270 3129 coram
1296 3066 1426 3127 omnibus
1455 3062 1491 3122 sd

352 3179 507 3231 mercatum
528 3173 579 3231 sub
597 3172 686 3232 axillis
706 3177 850 3250 portatum
874 3169 939 3250 (Fr.
962 3171 1106 3247 Jacobs),
1134 3193 1171 3232 an
1191 3170 1329 3231 bestiolae
1349 3176 1442 3228 motus
1463 3171 1491 3224 et

352 3292 447 3331 curam
466 3273 601 3346 hominis,
621 3291 658 3331 nc
678 3261 706 3330 ln
727 3273 816 3332 solum
842 3275 954 3334 desiliat
977 3273 1116 3356 (orell),
1136 3295 1173 3334 an
1194 3277 1304 3335 anxiam
1323 3271 1421 3331 rustici
1441 3288 1490 3327 cu·

350 3393 427 3450 ram,
453 3393 490 3433 ne
514 3374 614 3433 animal
640 3393 693 3432 suo
721 3376 849 3452 pondere
875 3377 989 3452 gravius
1017 3397 1051 3436 ex
1079 3377 1168 3436 axillis
1195 3377 1375 3444 subindcet
1403 3373 1490 3431 artius

352 3476 570 3552 comprimendis
591 3476 705 3538 decidat
723 3473 884 3556 (Dilata),
906 3480 968 3556 quis
988 3486 1032 3538 est
1052 3479 1098 3556 qui
1118 3499 1177 3538 rem
1198 3483 1340 3539 vetustate
1361 3476 1490 3534 obrutam

351 3574 482 3654 aperiat?
515 3576 686 3635 Schmidr'ua
711 3579 945 3639 narratiunculam
971 3581 1113 3658 quandam
1135 3583 1293 3661 suspicatur
1311 3585 1441 3660 jocosam
1461 3583 1490 3636 et

350 3697 475 3756 morem,
501 3699 557 3757 quo
577 3671 704 3738 homines
723 3699 821 3760 parum
839 3683 938 3742 urbani
956 3685 1033 3742 dona
1053 3703 1105 3742 rua
1123 3686 1204 3762 quasi
1225 3683 1348 3744 ostentui
1366 3699 1430 3740 esse
1451 3679 1490 3737 si·

351 3789 440 3859 nunt,
468 3781 544 3840 ridet
565 3783 763 3862 significatum,
788 3785 938 3868 Cruqur'ue
958 3793 1051 3844 autem
1072 3787 1148 3865 (coll.
1169 3786 1286 3846 Lucian.
1307 3782 1382 3844 Dlal,
1402 3782 1488 3842 Mort.

353 3883 408 3959 10,
431 3884 461 3946 9.
482 3884 559 3962 (13.)
579 3879 640 3946 dud
658 3881 767 3966 μάλης)
788 3907 848 3954 rem
870 3888 1066 3948 clanculariam
1084 3898 1113 3950 et
1132 3889 1280 3969 furtivam,
1304 3891 1344 3946 ita
1362 3894 1396 3946 ut
1416 3885 1487 3948 Hor.

350 4003 412 4046 cem
432 3987 588 4066 praecipiat
605 3984 741 4046 librorum
754 3993 960 4068 gestationem,
982 4009 1055 4069 quae
1071 4009 1089 4049 a
1105 3993 1265 4070 suspicione
1278 3989 1388 4049 serendi
1409 3989 1489 4048 char*

348 4095 394 4148 tas
412 4087 550 4147 infaustas
571 4094 601 4148 et
620 4087 715 4148 rirrtim
736 4097 882 4172 surreptas
902 4093 995 4154 aliena
1014 4095 1059 4153 sit.
1226 4077 1228 4082 ⁵

433 4349 464 4420 *)
482 4351 525 4404 Dc
544 4349 664 4405 ternario
686 4353 862 4422 exemplorum
883 4371 991 4409 numero
1010 4364 1041 4409 nt
1061 4358 1110 4424 16,
1131 4354 1175 4410 50.
1189 4354 1234 4410 51.
1248 4355 1304 4410 rid.
1319 4371 1380 4410 aun.
1393 4353 1427 4406 ad
1441 4353 1485 4418 11,

349 4433 383 4486 17
396 4461 433 4476 -·
446 4437 488 4489 19.
504 4439 606 4507 p.111.
636 4435 677 4490 De
691 4437 806 4492 bullatis
820 4439 903 4508 igitur
916 4441 943 4493 in
964 4441 1076 4511 patriam
1089 4459 1123 4495 ex
1137 4439 1201 4496 Asia
1218 4444 1368 4496 revocando
1385 4441 1426 4509 (r.
1442 4435 1485 4492 15.

346 4515 407 4582 16.)
426 4517 545 4575 viderint
565 4519 737 4593 interpretes.
771 4525 812 4578 De
832 4525 951 4579 dictione
970 4529 1017 4580 rub
1038 4529 1152 4596 utapro
1176 4529 1276 4584 usitata
1291 4531 1339 4582 sub
1354 4527 1436 4581 unta
1449 4523 1484 4579 os.

345 4597 455 4654 Mincn.
469 4603 504 4657 ed
516 4605 605 4676 Epod.
621 4610 668 4676 12,
683 4607 709 4663 5.
734 4609 812 4680 Vulp.
827 4611 860 4664 ad
875 4609 973 4664 Catuli.
988 4615 1031 4680 68,
1046 4609 1077 4687 (6
1094 4610 1148 4681 )5.
