3420 5332
238 515 298 578 107
319 513 530 576 mmm.
544 515 586 576 stt
600 516 693 575 11011.
705 514 780 574 LiB.
797 515 817 575 1.
839 515 963 576 EPIST.
978 515 1284 580 nvonnvmsssnt
1313 513 1377 580 455

317 681 353 744 V.
374 685 415 748 82
436 713 479 733 -
497 683 548 748 85.
567 685 621 763 qni
641 685 796 742 Dente-
816 686 901 744 vdes.
932 684 994 760 „nt
1006 690 1084 746 tonui
1100 687 1190 766 ipsine
1207 689 1379 748 eemnodtnn

132 771 143 778 ⁸
234 785 375 865 postolat,
402 791 433 845 ot
452 786 587 860 enricum,
615 805 699 863 quem
720 787 880 864 tradidisti,
906 805 942 844 ne
961 807 1016 846 ona
1035 807 1097 848 curn
1119 807 1154 848 eo
1178 807 1231 867 per
1250 789 1379 850 honines

235 887 387 948 maledicos
414 905 448 948 ex
468 889 581 965 petroni
607 889 699 964 gratis
721 890 940 963 summoveatis,
975 889 1048 950 corsi
1077 889 1178 948 virium
1197 891 1379 954 contentione

234 989 409 1048 dormtum
439 989 617 1050 &moon
642 1009 730 1068 prave
747 991 872 1050 detorsit
897 990 1045 1069 Crnqee'rts
1063 993 1119 1051 ito:
1146 989 1235 1067 „noe
1263 991 1379 1068 odmen,

233 1109 291 1167 000
309 1089 382 1148 salso
403 1097 537 1168 grneatrer
556 1091 768 1152 sommeodetus
787 1111 806 1150 a
826 1101 871 1168 te,
889 1092 1060 1154 redundabit
1072 1095 1101 1152 in
1122 1099 1151 1152 te
1168 1093 1380 1152 eornmendsto-

234 1209 293 1249 rem
310 1199 442 1268 tanquam
462 1194 523 1270 eloe
539 1191 604 1251 ossii
624 1211 737 1270 quoque
756 1195 898 1254 eorreciun
913 1200 1134 1272 patronumque,
1155 1196 1283 1271 eoquod
1297 1214 1380 1273 prae-

233 1295 324 1352 sentia
335 1295 481 1371 incendis,
503 1295 592 1354 idest
610 1295 733 1373 pericula
748 1296 869 1354 minime
883 1299 1014 1356 intentati
1032 1296 1223 1373 negtexeris.“
1241 1328 1278 1342 -
1294 1297 1381 1356 derue

241 1395 399 1455 Theonino.
437 1397 534 1458 Sohol.
556 1397 644 1474 Cruq.
667 1397 774 1471 „dente
796 1398 932 1457 mordaci.
950 1398 1106 1458 Luthieoos
1126 1397 1247 1472 'sheon‚
1272 1397 1380 1457 liberti-

233 1517 302 1575 nus,
330 1499 486 1560 dicacitatis
507 1499 692 1560 amaritudine
715 1505 828 1576 praeter
850 1505 962 1559 ceteros
985 1501 1025 1560 itu
1051 1505 1201 1580 patroounr
1221 1517 1303 1556 surim
1330 1517 1380 1557 ex-

233 1600 391 1678 asperavit,
419 1606 452 1658 ot
477 1599 562 1658 domo
595 1601 655 1677 ejus
683 1608 905 1661 summotus
934 1609 963 1662 et
989 1601 1170 1681 qoetersedo
1196 1599 1259 1678 (tt)
1283 1601 1379 1678 leonte

229 1702 376 1778 juberetur
402 1707 506 1760 restem
528 1701 580 1758 sibi
601 1701 749 1780 polumque
774 1705 902 1763 emere.“
935 1705 980 1764 De
1009 1702 1151 1764 sententia
1175 1701 1378 1779 Porphyrionis

232 1822 345 1881 quoqne
366 1801 489 1878 „Theon
510 1805 623 1880 quidem
644 1804 691 1863 illo
709 1811 839 1884 tempore
856 1806 983 1866 rabiosae
1005 1805 1160 1865 dicacitatis
1179 1803 1264 1862 tuor
1295 1803 1380 1862 Simi-

232 1901 271 1960 lis
291 1902 477 1982 suppeditant
496 1903 592 1965 Acron
618 1912 647 1965 et
668 1905 777 1968 Erosm.
798 1907 911 1988 Adagg.
934 1909 970 1984 2,
993 1909 1030 1985 2,
1051 1905 1102 1970 55.
1134 1907 1223 1966 Homo
1244 1906 1292 1966 ilie
1312 1925 1380 1966 ounr

233 2003 318 2063 suerit
336 2004 487 2066 vindentos
501 2011 587 2083 poeta
605 2007 797 2083 Graecorum,
815 2029 898 2086 quern
920 2009 1035 2088 quidem
1054 2009 1163 2086 tingunt
1183 2009 1330 2068 Erasnw
1350 2013 1380 2066 et

240 2105 429 2177 Torrentius,
455 2105 520 2183 qais
544 2112 604 2182 est,
626 2110 674 2187 qui
694 2129 748 2188 pro
769 2117 847 2170 certo
868 2109 1012 2171 affirmet
1042 2109 1087 2169 De
1108 2110 1241 2188 opinione
1262 2109 1380 2171 diorum

231 2207 296 2266 ride
320 2205 505 2266 Diintserum
526 2229 555 2286 p.
570 2209 641 2274 508.
675 2211 719 2270 Ad
739 2213 891 2272 dictionem
906 2211 1029 2291 pertinet
1048 2211 1117 2270 illud
1133 2209 1377 2288 Pythagoreorum

231 2307 336 2384 (oreti.
362 2309 400 2368 ad
422 2309 532 2387 Opoec.
558 2330 652 2388 graec.
678 2317 800 2372 sentent.
828 2313 851 2374 1.
877 2333 907 2392 p.
929 2312 981 2376 68·
1002 2319 1031 2371 et
1051 2309 1143 2390 490):
1169 2305 1311 2383 Ὀῦόντας
1335 2306 1378 2390 μή

233 2404 409 2492 καταγνύειν
435 2419 465 2471 et
492 2411 572 2473 Pers.
596 2417 631 2490 1,
655 2415 715 2480 115
742 2413 791 2490 (ib.
813 2413 968 2491 01010.)
994 2415 1161 2493 genuinum
1179 2413 1380 2494 frangerent

232 2514 350 2590 similis,
371 2521 403 2574 ut
422 2515 515 2592 Epist.
538 2517 575 2590 2,
600 2518 636 2591 1,
659 2515 729 2581 150.
752 2516 836 2576 Coos.
857 2535 922 2576 auo.
940 2519 977 2576 ad
1000 2514 1050 2594 14,
1069 2516 1122 2580 37.
1144 2516 1196 2578 33.
1225 2515 1321 2576 Schm.
1341 2515 1379 2574 od

233 2615 261 2673 ir.
284 2617 302 2675 Ι.
326 2623 356 2675 et
380 2613 505 2676 Ditem.
532 2617 570 2676 sd
595 2618 653 2676 Od.
674 2617 712 2693 4,
731 2619 771 2694 3,
796 2621 845 2683 16.
878 2619 963 2680 nort.
982 2618 1018 2694 5,
1041 2620 1098 2694 23,
1120 2620 1150 2680 7.
1180 2615 1379 2698 Robiginosis

233 2727 341 2776 cuncto
362 2716 499 2776 cientibus
518 2719 604 2783 rodit,
634 2719 677 2780 ld.
696 2720 752 2796 10,
774 2722 814 2796 8,
838 2723 865 2787 1,
899 2717 1137 2782 Vernaculorum
1155 2719 1252 2793 dieto,
1283 2719 1380 2778 eordi-

234 2819 307 2878 dum
325 2819 440 2878 dentem
468 2819 510 2876 Et
526 2817 623 2898 fiseda
644 2819 768 2899 linguae
786 2819 898 2898 probra
918 2819 1175 2878 0000101νί00-
1196 2821 1289 2878 Poeta
1310 2823 1379 2900 qni·

232 2921 304 2978 dom
323 2917 529 2978 etamutmtm
548 2923 673 3000 spor-git.
708 2923 870 3000 Hieronynu
895 2923 988 3002 Epist.
1010 2921 1045 2979 ad
1072 2921 1208 2980 Eustoch.
1235 2921 1306 3002 virg.
1329 2925 1379 2995 27,

233 3023 258 3082 1.
280 3042 310 3100 p.
334 3017 405 3086 114.
445 3020 480 3079 Δ.
505 3041 542 3078 ne
559 3023 646 3099 epod
662 3024 866 3084 detrectatores
886 3037 916 3082 et
932 3026 1065 3104 genuino
1087 3043 1133 3080 me
1159 3041 1272 3100 semper
1293 3019 1379 3082 dente

231 3123 366 3180 rodentes
373 3123 495 3201 fingere
509 3133 606 3200 puter.
639 3125 717 3186 idern
738 3128 830 3206 Epist.
846 3129 899 3190 57.
919 3128 955 3186 11.
976 3148 1005 3204 p.
1025 3127 1077 3188 73.
1099 3126 1207 3182 omino
1224 3124 1310 3182 ciente
1328 3144 1379 3182 ro-

232 3227 319 3295 dere,
341 3224 491 3293 Inserere,
513 3225 675 3284 convellere
693 3229 753 3287 soii.
775 3229 881 3308 libros,
911 3248 985 3306 qnos
1004 3233 1104 3286 contra
1124 3226 1263 3288 Jovinien.
1287 3227 1379 3305 scrip-

232 3331 278 3387 sit.
294 3361 331 3370 —
354 3327 390 3386 V.
408 3323 458 3392 84.
484 3325 569 3386 Nom
590 3338 644 3386 too
665 3351 711 3388 res
731 3333 841 3411 agitur.
872 3331 917 3391 De
936 3331 988 3388 hac
1003 3327 1122 3387 formula
1138 3347 1155 3386 a
1171 3327 1221 3386 lite
1235 3329 1379 3405 pendente

232 3436 346 3512 sumptu
367 3429 441 3490 conf.
466 3427 547 3488 Cort.
568 3431 604 3488 ad
622 3431 691 3492 Sall.
714 3434 778 3493 Cot.
801 3436 852 3505 52,
875 3435 923 3498 10.
944 3431 1041 3490 Drak.
1056 3429 1092 3488 ad
1112 3427 1176 3490 Lo.
1199 3429 1251 3505 27,
1273 3427 1326 3505 34,
1347 3429 1378 3489 7.

231 3533 317 3594 Febr.
337 3534 374 3592 ed
395 3533 447 3608 23,
467 3528 520 3608 49,
540 3534 569 3599 8.
595 3533 708 3594 Rdrnk.
728 3535 766 3594 ad
786 3535 905 3596 Terent.
929 3535 1032 3594 fleant.
1055 3535 1090 3609 2,
1112 3533 1150 3608 3,
1170 3531 1241 3594 113.
1269 3530 1378 3591 ochsn.

188 3653 194 3664 ’
230 3635 267 3694 ad
289 3635 350 3693 Orc.
371 3633 471 3712 song.
498 3653 527 3713 p.
551 3635 620 3698 230.
642 3669 685 3680 -
707 3639 809 3714 peotes
832 3659 927 3716 quum
953 3638 1107 3715 proximu
1127 3634 1222 3696 ardet.
1254 3633 1379 3694 Prover-

231 3736 324 3814 binim,
346 3741 377 3796 nt
398 3737 483 3796 Ovid.
505 3737 585 3796 Rem.
607 3737 667 3800 Ani.
690 3741 760 3804 025.
787 3741 946 3798 Proximus
966 3759 986 3796 o
1008 3740 1091 3796 testie
1108 3755 1188 3815 egnes
1208 3735 1380 3815 defenditur

231 3859 335 3918 aegre:
371 3837 469 3909 Utile,
485 3837 624 3912 finitimis
638 3838 814 3900 abstinuisse
833 3841 913 3906 locis.
947 3839 1011 3908 Liv.
1025 3842 1075 3916 29,
1089 3839 1142 3915 31,
1159 3839 1188 3902 3·
1207 3837 1256 3916 (ib.
1274 3835 1378 3917 Drak.)

231 3943 290 3998 nisi
313 3943 451 4000 orientem
478 3941 567 4000 iilum
601 3944 701 4024 ignem
729 3947 959 4023 oppressissent,
994 3943 1110 4024 ingenti
1134 3959 1201 4000 mox
1227 3937 1377 4010 incendio,

232 4061 325 4121 quum
337 4046 407 4111 jum
426 4043 546 4104 nuliam
566 4063 650 4124 opem
661 4047 744 4125 serre
757 4059 895 4126 possent,
917 4067 1045 4109 arsuros.
1073 4045 1115 4108 ld.
1130 4045 1162 4118 7,
1177 4041 1232 4116 30,
1253 4041 1303 4104 12.
1323 4042 1377 4118 31,

231 4145 283 4218 43,
305 4147 336 4206 7.
356 4145 410 4220 37,
433 4147 483 4222 15,
506 4150 536 4208 6.
554 4147 614 4206 Ciu.
635 4167 679 4226 pr.
694 4147 789 4208 Pione.
807 4147 860 4230 40,
880 4150 932 4214 95.
961 4151 1029 4230 Ego
1050 4149 1128 4206 enim
1149 4163 1184 4200 es
1202 4141 1256 4200 iiio
1274 4143 1378 4202 incen-

232 4249 280 4305 dio
302 4246 416 4326 legiam,
430 4249 533 4319 juris,
560 4261 699 4322 senatus,
726 4249 868 4310 bonorum
889 4254 1022 4311 omnium
1042 4249 1166 4317 sedens,
1196 4263 1289 4323 quum
1309 4263 1378 4303 mea

231 4351 336 4408 domos
356 4349 461 4410 ardore
481 4371 534 4409 erto
558 4351 802 4434 deflagrationem
831 4352 900 4412 urbi
924 4365 1014 4434 atque
1034 4353 1091 4410 toti
1114 4349 1225 4410 Italiae
1245 4352 1376 4408 minore-

233 4463 295 4528 tur,
321 4453 382 4512 nisi
411 4453 593 4532 quivissem.
626 4455 695 4515 Sall.
720 4455 835 4536 Fragm.
865 4455 907 4536 (p.
931 4455 1004 4521 228.
1029 4453 1108 4513 Gerl.
1129 4449 1221 4532 min).
1249 4451 1321 4510 Non
1342 4463 1376 4512 tu

232 4557 306 4630 scie,
335 4557 364 4614 ei
382 4575 460 4636 quae
477 4555 560 4616 aedt'e
579 4558 661 4635 tignis
679 4561 787 4616 acriter
808 4558 904 4634 cepit,
932 4555 1129 4634 lsoueisaciie
1148 4567 1219 4614 sunt
1238 4557 1373 4635 defenset,
