3380 5324
124 523 128 530 '
197 546 257 612 sss
299 543 509 608 οοεεεειιατ.
524 545 565 608 ru
580 545 673 606 non.
686 545 762 607 s1n.
775 547 796 606 1.
818 545 1066 608 nransnxr.
1084 545 1217 608 nscru.
1268 542 1330 610 aas

187 731 295 812 saoio?
314 733 401 792 uisus
422 753 517 792 nuum
540 753 620 796 euro.
641 767 682 778 -
699 767 742 780 --
762 735 869 809 Mojus
888 737 1003 794 maium
1026 743 1068 792 eu
1086 733 1153 808 hoc,
1175 735 1331 813 quodnam

189 853 312 912 possum
334 831 389 892 tibi
412 835 568 894 ostendere.
595 833 677 894 Pers.
704 838 740 912 4,
763 833 813 899 44.
854 836 916 895 Ilia
938 835 1038 896 subter
1070 835 1198 894 Cossum
1219 835 1331 894 vulnus

192 932 292 994 Ιαιύεε.
327 935 470 996 Maximis.
492 935 535 996 ΕΙ.
556 937 596 1010 8,
618 935 666 1000 oo.
694 936 839 1016 (Wernsd.
861 939 910 1002 VI.
933 961 962 1018 p.
984 935 1061 1015 889)
1095 935 1169 994 Non
1189 937 1332 996 intellecti

192 1035 280 1098 nulla
310 1047 353 1095 est
379 1039 492 1096 curatio
516 1035 618 1100 morbi.
648 1037 918 1100 noannoeane.
941 1039 1009 1118 phil.
1038 1042 1072 1113 1,
1096 1036 1125 1101 4.
1154 1039 1204 1117 (p.
1226 1041 1256 1100 7.
1283 1038 1328 1096 ed.

192 1136 314 1218 Obbsr.)
348 1140 384 1198 Si
410 1159 531 1218 operam
551 1139 726 1198 medicantis
749 1151 903 1218 expectas,
930 1150 1042 1219 oportet
1064 1137 1176 1198 uulnus
1199 1139 1327 1217 detegas.

190 1241 303 1304 Firmis.
333 1245 369 1302 de
395 1242 493 1302 Error.
522 1241 596 1320 proi.
626 1242 706 1319 relig.
736 1245 786 1305 17.
835 1243 931 1320 Capsa
958 1263 1040 1300 mens
1072 1242 1226 1321 languoris
1258 1243 1330 1300 vitio

191 1341 360 1402 morborum
380 1363 494 1423 semper
509 1354 673 1424 augmenta
692 1343 883 1402 desideratos
905 1343 1034 1402 medelas
1053 1343 1204 1418 artificum
1224 1363 1330 1422 asper·

191 1455 280 1504 natas
300 1449 458 1506 contemnit
467 1489 479 1518 ,
504 1449 616 1524 respuit
635 1445 796 1504 remedium
818 1447 981 1504 medicinae
1001 1456 1029 1504 et
1046 1447 1079 1504 in
1101 1447 1222 1504 exitium
1241 1465 1330 1503 suum

185 1569 287 1627 prono
307 1551 495 1608 animositate
509 1549 647 1628 festinat.
672 1547 754 1634 Aput
777 1548 847 1610 sset.
872 1550 922 1625 10,
943 1551 971 1612 2.
1005 1546 1115 1607 vuinus
1135 1550 1231 1606 animi
1249 1567 1329 1604 men-

191 1651 266 1710 aar
285 1653 319 1708 in
338 1649 544 1710 valetudinem.
571 1649 716 1711 Plutarch.
741 1649 760 1713 Ι.
785 1651 803 1710 l.
829 1669 858 1727 p.
882 1650 951 1713 107.
984 1650 1113 1734 δισοοιιίᾳ
1130 1653 1212 1733 κακῇ
1231 1649 1330 1708 tribuit

191 1750 297 1832 intotis
316 1755 477 1824 νοσοῦντες
497 1745 536 1814 ου’
553 1754 786 1832 παρακαλοῦμεν
808 1748 858 1814 riu
880 1750 1029 1831 ἔμπειρον,
1050 1747 1262 1832 αἰσχυνόμενοι
1277 1747 1330 1815 so's

184 1847 326 1936 συνήθη.
359 1852 449 1913 Orell.
474 1853 582 1931 Ομυεε.
603 1853 655 1912 Gr.
683 1853 702 1912 Ι.
731 1873 759 1931 p.
781 1853 832 1916 84.
862 1854 901 1917 N.
929 1857 999 1921 118.
1034 1849 1131 1935 ὥςπερ
1161 1849 1331 1932 σωματικὸν

191 1951 296 2029 πάθος
319 1949 357 2018 ου’
373 1949 598 2035 κρυπτόμενον,
621 1949 693 2016 ου’δὲ
713 1949 933 2034 ἐπαινούμενον
953 1953 1117 2038 ὑγιάζεται,
1140 1951 1237 2030 οὕτως
1258 1949 1330 2018 ου’δέ

191 2055 214 2139 'i
246 2053 329 2136 ψυχὴ
363 2061 464 2132 essue
499 2055 710 2138 φρουρουμένη
742 2057 793 2120 καὶ
828 2057 1087 2140 ουναγορευομένη
1122 2053 1329 2140 θεραπεύεται

192 2161 340 2239 Chrysost.
362 2159 447 2222 Hom.
465 2159 513 2218 [V.
532 2179 561 2237 p.
580 2159 648 2222 118.
664 2159 766 2219 matth.
789 2157 875 2241 ipio
896 2157 938 2239 μή
959 2158 1111 2241 proniori
1132 2160 1233 2238 ἕλκος,
1254 2157 1330 2241 μηδὲ
1447 2169 1451 2178 ’

191 2255 403 2343 αἰιαλλαγῆναι
424 2255 623 2348 βομλόμενος,
646 2265 713 2334 ποῖα
733 2257 772 2322 ἄν
794 2257 976 2343 ἐπιζητήσειε
999 2261 1053 2327 τόν
1075 2260 1193 2344 ἰατρόν,
1220 2264 1251 2322 tn
1271 2281 1330 2322 rens

190 2367 229 2429 ei.
248 2383 313 2425 ann.
335 2367 372 2424 ad
393 2367 424 2441 2,
444 2364 496 2428 38.
517 2365 568 2427 89.
595 2369 625 2422 ε1
646 2363 739 2441 Epiet.
757 2363 835 2424 Diss.
859 2368 889 2442 2,
908 2368 960 2442 21,
982 2366 1032 2430 28.
1056 2367 1158 2426 Senes.
1183 2369 1220 2426 de
1239 2365 1276 2424 lr.
1296 2365 1329 2442 3,

190 2469 244 2534 10.
274 2467 412 2526 Proderit
438 2465 574 2524 morbum
599 2487 687 2524 suum
709 2485 794 2525 nosse
814 2477 841 2524 et
866 2469 943 2524 uires
963 2471 1045 2540 eJ'us,
1073 2479 1236 2548 antequam
1256 2489 1330 2545 spo·

188 2575 314 2642 tientur,
334 2571 505 2648 opprimere.
528 2567 605 2628 Cels.
624 2571 656 2644 8,
680 2569 709 2645 2,
732 2567 780 2632 15.
801 2589 830 2646 p·
855 2569 913 2632 115
934 2570 987 2630 Kr.
1010 2577 1039 2631 et
1060 2573 1097 2631 de
1117 2572 1255 2631 translato
1276 2591 1329 2630 usn

188 2673 267 2734 serbi
293 2671 395 2742 ιιὶαεια,
422 2669 523 2746 ἵλαος,
549 2671 648 2730 Senes.
670 2669 761 2748 Epist.
781 2671 811 2732 8·
837 2669 872 2729 P.
896 2671 962 2747 Syr.
982 2669 1056 2736 904.
1085 2657 1275 2752 Pind,¹Pyth.
1297 2671 1329 2748 4,

189 2777 265 2842 271.
285 2771 412 2832 Boeotis.
434 2772 576 2832 Plutarch.
597 2773 634 2832 de
656 2773 711 2830 An.
729 2769 836 2848 Tranq.
857 2770 918 2829 Vll.
939 2792 968 2849 p.
986 2773 1057 2835 868.
1081 2773 1208 2834 Imitatur
1225 2773 1327 2834 Multis.

131 2945 135 2952 1
189 2873 296 2936 Ecbss.
315 2875 418 2951 captiv.
438 2873 512 2936 391·
543 2873 666 2931 Discere
682 2875 876 2949 percupimus
896 2873 1024 2930 celatum
1043 2877 1125 2952 quod
1143 2877 1217 2934 latet
1233 2875 1328 2939 ιιὶοιιε.

275 2973 311 3035 V.
333 2973 489 3037 soe-31.
518 2973 554 3031 Si
573 2975 696 3051 quis—
710 2971 851 3028 nomine?
881 2970 1113 3053 portarentur,
1133 2977 1330 3054 securiosius,

189 3087 222 3142 nt
245 3079 374 3138 homines
402 3076 512 3151 soient,
543 3073 597 3133 sibi
623 3073 721 3132 metior
746 3091 831 3149 qaam
859 3079 921 3130 erat
948 3075 1091 3134 rideretur
1120 3096 1154 3136 as
1183 3077 1252 3136 vitia
1279 3071 1331 3136 sua

189 3181 264 3242 saiso
287 3180 400 3258 pudore
427 3175 576 3254 obtegeret
600 3176 685 3253 idque
711 3179 830 3252 propter
850 3174 927 3252 vulgi
948 3177 1119 3236 assentantis
1140 3197 1255 3252 vocem,
1276 3179 1330 3238 hoo

191 3282 323 3362 exemplo
350 3281 422 3340 hane
449 3279 573 3339 illustrat
601 3277 784 3338 sententiam:
823 3276 882 3352 „in
910 3277 1098 3336 assentatoris
1123 3299 1193 3340 voce
1221 3299 1288 3340 vers
1313 3299 1330 3338 a

192 3387 290 3461 falsis,
312 3387 329 3442 i.
352 3403 378 3444 e.
400 3383 438 3442 sd
459 3389 489 3441 te
510 3401 567 3440 non
587 3379 808 3458 pertinentibus,
837 3379 918 3440 facsse
941 3379 1066 3440 dinosds
1087 3387 1173 3461 atque
1193 3383 1264 3442 hm
1284 3402 1329 3443 η.

191 3489 310 3568 pudias,
341 3493 440 3546 contra
465 3503 539 3561 qnse
566 3485 604 3543 ad
630 3481 740 3540 laudem
762 3481 814 3538 viri
834 3483 971 3559 sapientis
996 3483 1153 3560 pertinent,
1183 3503 1217 3544 ea
1245 3484 1273 3543 in
1301 3491 1331 3544 te

190 3593 292 3652 merito
315 3587 370 3646 diei
395 3587 596 3646 existimaveris
626 3603 718 3660 neque
743 3584 870 3662 recipere
892 3582 1074 3647 dubitaveris.
1082 3587 1103 3622 ‘⁶
1137 3586 1222 3660 [Aliis
1245 3605 1330 3664 „non

189 3691 359 3754 internoscis
380 3689 424 3748 sel
445 3689 554 3762 nescis,
576 3703 641 3744 sere
659 3705 695 3744 an
717 3684 845 3746 simulate
867 3685 1040 3764 dieantur.“]
1073 3687 1137 3746 Hoc
1158 3689 1183 3747 si
1203 3693 1259 3764 est,
1278 3708 1330 3766 sp·

191 3801 291 3871 paret,
318 3791 492 3871 jungendum
514 3807 579 3851 esse
601 3787 679 3848 bello
698 3784 752 3844 tibi
773 3785 813 3865 (a
833 3789 882 3865 te)
898 3799 1059 3869 pugnata,
1077 3807 1150 3848 non:
1173 3787 1230 3848 sibi
1249 3789 1331 3848 dieat

192 3894 284 3964 belia,
301 3913 392 3972 neque
413 3915 477 3954 oum
498 3891 664 3970 Doeringio
678 3895 707 3948 et
728 3889 830 3946 Voseio
848 3891 1054 3968 explicandum:
1075 3892 1214 3968 ,‚canat,“
1232 3893 1284 3950 sed
1298 3897 1331 3950 ut

193 3997 254 4056 Sat.
278 3997 307 4073 1,
328 3995 360 4072 8,
384 3997 449 4066 19.;
477 4015 563 4074 porro
584 3998 718 4072 apparet,
739 3991 768 4050 id
789 3993 866 4068 qaod
887 3999 965 4052 recte
985 3993 1027 4052 ait
1057 3991 1205 4067 Orellius,
1231 3993 1330 4051 inscite

191 4104 279 4176 negat
299 4095 448 4168 Drinum,
470 4095 617 4167 Quintium
632 4093 773 4174 stipendia
790 4091 899 4171 aliquot
918 4095 1032 4172 iecisse,
1054 4114 1113 4154 rem
1135 4102 1193 4154 turn
1207 4093 1330 4152 omniun

189 4203 323 4278 juvenum
351 4217 540 4273 comunem,
567 4217 650 4277 qaam
678 4198 702 4254 si
730 4195 844 4266 Quintio
870 4198 1073 4278 denegaveris,
1098 4193 1279 4274 exaggeratio
1301 4198 1331 4252 et

193 4303 316 4364 absurda
337 4307 399 4376 est,
426 4321 516 4379 neque
537 4308 696 4361 assentator
716 4299 791 4358 seris
813 4283 925 4359 mucuit
945 4299 1033 4373 salsa,
1055 4316 1112 4375 qus
1132 4299 1265 4375 opinione
1283 4299 1332 4352 to·

194 4405 248 4466 tias
274 4403 332 4466 loci
362 4404 524 4482 infringitur
552 4405 594 4462 vis
625 4403 749 4480 elegans.
791 4402 894 4460 Aures
925 4409 1017 4461 sutem
1046 4416 1160 4459 vacuae
1186 4415 1244 4454 non
1274 4399 1331 4454 tans

195 4513 276 4586 sont,
303 4509 345 4568 uti
366 4527 428 4566 cum
450 4505 579 4564 Docerio
606 4503 756 4563 Orellius:
785 4503 963 4580 „adustioni
989 4501 1142 4582 patentes“
1173 4497 1271 4577 (Pers.
1299 4495 1330 4574 4,

195 4605 260 4690 50),
281 4629 365 4690 qossn
385 4613 511 4670 attentae
528 4613 614 4686 atque
635 4607 767 4672 sumendi
784 4608 919 4687 cupidae,
940 4599 1329 4681 utPtsnt.Trin.prot.11.
