3490 5324
357 509 420 577 528
458 513 670 581 comitr.
684 515 728 578 lN
742 515 837 582 11011.
851 513 924 580 LlB.
939 517 963 578 l.
985 517 1109 580 EPlS'l'.
1123 515 1402 587 morvidum,
1439 519 1502 583 180

357 686 496 746 ducant.“
531 649 666 746 Similiter
689 689 830 746 contraria
857 687 947 746 ludus
973 695 1002 748 et
1031 691 1110 747 susis
1131 688 1192 747 Sat.
1222 691 1252 764 1,
1277 691 1308 766 1,
1327 690 1379 754 27.
1411 685 1446 748 Δ.
1466 687 1501 749 Ρ.

360 789 432 852 226.
453 795 539 866 atque
561 809 661 868 migne
681 797 711 850 et
731 792 809 850 ceria
828 787 902 854 451.
921 795 1072 868 ponuntur.
1118 791 1245 870 Apparet
1264 797 1376 867 antem,
1396 795 1502 868 ‹pmnta

358 895 463 950 tractet
481 890 595 950 levitate
612 892 738 951 homines
756 892 819 950 illos
837 893 978 951 deteriore
992 891 1053 952 luto
1073 893 1174 952 iactos.
1208 891 1266 950 Sed
1280 892 1373 952 ionum
1390 892 1504 971 pinnum

358 991 428 1049 tecit
447 990 621 1052 salebrosum
638 1002 668 1054 ct
681 1012 811 1073 asperum
832 994 974 1052 dissensio
994 994 1191 1074 interpretum.
1229 991 1285 1052 Alii
1303 994 1375 1053 enim
1395 993 1505 1052 Ιιιιίιιηι

358 1099 476 1151 auctore
495 1093 655 1154 Scholiasta
675 1095 781 1172 Cruq„
810 1095 855 1154 cui
874 1095 920 1154 ille
941 1096 1085 1173 „concio“
1113 1101 1176 1172 est,
1200 1113 1253 1174 pro
1274 1095 1338 1154 loco
1358 1096 1504 1156 recitatio-

358 1211 424 1253 num
446 1193 569 1272 hebent,
588 1196 664 1254 unde
683 1194 774 1254 Poeta
795 1197 847 1254 sibi
864 1201 951 1256 rixam
972 1201 1002 1256 et
1021 1196 1123 1256 bellum
1144 1200 1267 1275 metuat,
1293 1196 1357 1270 alii,
1385 1203 1417 1256 nt
1437 1196 1503 1254 Bo-

359 1293 458 1366 thius,
477 1297 571 1373 jocum
591 1298 676 1354 istum
698 1295 856 1374 intelligunt
874 1299 971 1357 Eridis
992 1298 1080 1371 deae,
1100 1318 1156 1378 qruo
1177 1299 1277 1358 mulum
1297 1298 1366 1357 illud
1385 1299 1414 1355 in
1435 1317 1504 1358 con·

359 1394 468 1453 cionem
488 1396 608 1456 deorum
629 1397 798 1474 conjecerit,
819 1398 866 1458 ulii
886 1401 1082 1460 altercationes
1099 1399 1241 1458 velleve·
1260 1407 1291 1458 et
1307 1399 1430 1459 ludicras
1450 1399 1504 1458 inr-

358 1494 511 1575 politorum
532 1494 674 1559 hominum
693 1517 821 1579 pugnas,
842 1501 904 1578 alii,
920 1506 952 1561 ut
972 1499 1132 1571 Labicus,
1152 1499 1361 1561 similitudinem
1379 1501 1506 1560 inferunt

360 1596 447 1657 haece
465 1602 622 1660 sententis:
648 1602 713 1678 „uti
728 1602 763 1660 in
778 1604 905 1680 pugilum
923 1601 1124 1679 congressibus
1149 1601 1277 1682 ΜΨ)
1297 1605 1503 1664 contentione·

359 1699 468 1778 gignit,
490 1705 634 1763 contentio
654 1733 696 1748 -
717 1737 760 1748 —
779 1739 839 1778 -,
858 1705 900 1764 itu
918 1710 1067 1784 poetarum
1087 1704 1230 1763 contentio
1251 1705 1344 1781 gignit
1360 1707 1505 1784 trepidum

359 1804 524 1862 certamen“
544 1811 600 1864 etc.
637 1804 683 1865 De
702 1809 904 1866 sententiarum
933 1807 1100 1884 gradatione
1127 1823 1230 1864 novum
1257 1806 1397 1866 somnium
1418 1806 1504 1866 habet

360 1903 529 1962 Daccrs'us:
559 1905 712 1984 „llorace‚
737 1926 792 1987 par
808 1914 883 1969 cette
904 1908 1070 1985 gradation,
1096 1913 1164 1966 veut
1187 1925 1255 1966 sans
1280 1908 1368 1967 doute
1388 1927 1421 1968 sc
1440 1927 1505 1967 mo·

360 2025 431 2082 quer
455 2007 491 2066 de
512 2026 560 2067 ces
580 2009 713 2068 mdchans
734 2009 856 2087 Poites,
880 2011 930 2086 qui
950 2008 1353 2090 employoientridiculement
1370 2009 1412 2070 les
1430 2011 1504 2088 dgn-

359 2126 407 2167 res
427 2111 500 2168 dont
520 2111 554 2168 ils
573 2131 606 2170 se
625 2111 800 2174 servoieut.“
832 2111 892 2170 Sed
910 2129 966 2170 non
979 2109 1158 2169 incommode
1170 2111 1268 2186 addit,
1290 2109 1398 2170 Poetae
1409 2112 1505 2170 animo

359 2211 453 2270 locum
473 2213 613 2288 quendam
634 2213 793 2293 Epicharmi
821 2213 998 2272 obversatum
1019 2229 1085 2271 esse
1103 2211 1204 2270 videri.
1251 2210 1280 2268 ls
1305 2211 1408 2289 legitur
1426 2211 1504 2290 apud

360 2310 499 2372 Athenae.
520 2315 551 2391 2,
572 2317 601 2377 1.
620 2333 650 2393 p.
670 2315 721 2378 36.
740 2313 778 2378 1).
805 2313 863 2393 (==
882 2317 913 2384 2,
933 2314 964 2376 8.
986 2333 1014 2392 p.
1038 2313 1108 2375 187.
1125 2311 1273 2394 Schwgh.)
1299 2312 1335 2375 is
1360 2309 1415 2394 pis
1443 2317 1503 2374 οο·

361 2413 427 2487 σίας
449 2413 544 2494 θοίνη
568 2445 604 2462 -·
627 2445 668 2460 ·-
687 2408 740 2476 ’Es
756 2413 789 2480 01
804 2416 915 2495 dolonn
933 2408 1023 2490 πόσις
1042 2409 1166 2494 crtum.
1196 2411 1232 2473 Β.
1255 2411 1385 2496 Χάριεν,
1408 2407 1448 2488 ὥς
1467 2411 1505 2496 γέ

361 2539 413 2595 μοι
438 2517 528 2580 δοκεῖ.
558 2521 597 2578 Α.
625 2508 676 2578 ’dis
701 2516 736 2580 01
758 2513 864 2592 πόσιος
885 2521 1001 2596 κῶμος,
1030 2516 1062 2579 ln
1089 2511 1194 2595 κώμου
1217 2509 1357 2598 d’lytucao
1386 2516 1505 2579 dumio

362 2619 503 2696 [convind-
533 2611 583 2688 'lis
603 2615 638 2682 01
657 2619 789 2691 &nulus
808 2621 875 2698 tho
897 2611 1015 2701 [γένπ’,
1044 2617 1077 2680 lu
1096 2617 1185 2697 dispo
1202 2613 1235 2680 01
1255 2618 1425 2698 modium]
1450 2611 1503 2680 'Eat

273 2715 275 2723 '
361 2717 395 2782 01
415 2721 576 2800 modim
593 2717 682 2782 nidor
702 2741 733 2782 cs
754 2719 806 2782 conl
832 2715 981 2800 σφάκελος
1002 2719 1053 2782 ccl
1081 2721 1179 2801 ξημα.
1213 2719 1322 2780 Similia
1341 2721 1407 2780 vide
1426 2719 1504 2798 opud

360 2822 501 2901 nachon,
520 2823 686 2901 quibuscum
705 2825 862 2903 comparari
882 2830 1003 2901 possunt
1023 2821 1086 2883 Cic.
1106 2823 1146 2882 de
1166 2819 1407 2899 ru.1‚18‚44.
1424 2820 1505 2898 Virg.

361 2923 434 2986 Aen·
456 2929 488 3002 8,
508 2926 574 2989 700
592 2945 657 3005 sqq.
676 2926 743 2985 Juv.
764 2928 794 3003 1,
815 2925 876 2989 165
897 2957 939 2970 -
960 2925 1031 2990 170.
1061 2924 1180 3005 Singula
1199 2923 1361 3005 explanavit
1383 2921 1505 2983 Schmi-

362 3027 432 3086 dius
439 3025 504 3106 **),
525 3047 608 3108 quem
629 3029 735 3088 confer.

372 3256 375 3264 '
444 3248 475 3321 *J
489 3249 520 3304 In
531 3257 647 3305 nostrum
661 3251 817 3305 cantantium
831 3250 1040 3321 elegantissimus
1052 3249 1145 3306 Dm.-
1155 3247 1231 3317 „Otr
1243 3263 1278 3303 an
1293 3263 1440 3304 comeum
1452 3265 1506 3319 par

362 3335 410 3388 des
423 3337 502 3404 jeux3
516 3335 624 3391 Blentdt
637 3353 670 3390 on
685 3354 714 3390 se
727 3346 780 3390 met
789 3355 822 3390 en
835 3337 941 3402 cultro,
954 3334 1182 3390 L’toinititvieoc
1191 3334 1293 3390 d’tntra
1302 3336 1385 3404 dcnx,
1400 3333 1439 3388 Et
1448 3326 1505 3388 l’on

363 3437 392 3474 ao
401 3427 497 3474 tronus
507 3437 540 3474 on
553 3421 640 3492 pleinc
650 3423 776 3490 gncm.“
799 3423 826 3474 1.
840 3421 954 3476 Morksh
967 3422 1054 3495 „Waa
1064 3421 1105 3476 ch
1113 3420 1189 3490 Spiol
1198 3420 1317 3489 uffingt,
1327 3426 1389 3490 ιαμ
1397 3419 1504 3489 hcatige

362 3505 474 3574 Kimple
488 3507 540 3558 und
552 3507 623 3560 Zorn
638 3507 711 3564 sul.“
742 3507 889 3560 Gmmunn:
902 3507 997 3573 „Denn
1008 3524 1037 3560 es
1051 3511 1179 3576 aucupet
1188 3505 1238 3560 dor
1248 3505 1349 3560 Sobara
1360 3505 1412 3560 den
1425 3502 1505 3560 hissi-

362 3607 412 3660 gen
428 3589 532 3642 Streit“
544 3601 596 3645 oto.
628 3593 712 3660 Signa
725 3590 909 3661 praetulerunt
925 3590 1029 3644 Vossius
1044 3601 1073 3645 et
1087 3591 1117 3645 G.
1136 3591 1282 3645 Pussoor'us.
1309 3591 1403 3645 Aliena
1423 3589 1506 3644 immi·

362 3675 433 3730 scuit
445 3677 574 3730 Schcllcr:
597 3676 772 3742 „Zitterndeu
788 3675 863 3728 Eiler
876 3678 929 3728 und
943 3677 1013 3729 Zorn
1027 3685 1089 3747 regt
1102 3677 1150 3730 aul
1167 3675 1210 3730 ein
1227 3674 1401 3731 dichtrisches
1416 3675 1504 3728 Wott-

363 3761 460 3831 spiel.“
491 3759 627 3816 Diolscro
644 3763 723 3816 ludus
741 3761 848 3814 videtur
871 3763 939 3829 „das
961 3761 1099 3816 llinlssson
1119 3761 1167 3815 aut
1184 3759 1229 3814 dis
1247 3761 1365 3817 Socho.“
1400 3760 1505 3830 Dignus

362 3846 523 3918 heringius
532 3861 637 3916 quoqne
650 3855 706 3914 est,
724 3847 768 3916 qui
786 3863 802 3898 s
816 3847 892 3900 nobis
907 3863 958 3900 nou
973 3847 1037 3902 nihil
1050 3846 1189 3902 discedens
1204 3853 1233 3900 et
1247 3847 1384 3914 elegentes
1396 3846 1431 3904 ds
1444 3853 1504 3900 toto

364 3933 422 3988 loco
440 3933 474 3986 nd
489 3949 515 3986 v.
531 3928 575 3991 45.
589 3930 725 4001 disputans
736 3931 779 3986 hic
793 3931 964 3994 conteretur.-

425 4017 472 4084 **)
483 4019 509 4070 Is
521 4017 615 4088 genuit
624 4016 749 4070 coristica
759 4017 778 4070 i.
788 4035 814 4076 e.
824 4018 953 4086 „gignere
964 4017 1052 4071 solat“
1062 4016 1264 4088 iuterpretatur.
1283 4013 1404 4070 Diximus
1415 4015 1448 4068 de
1457 4015 1507 4069 illa

363 4120 393 4155 re
412 4103 446 4156 ad
457 4107 484 4172 2,
499 4097 543 4156 48.
558 4120 586 4172 p.
598 4103 657 4156 121.
673 4102 733 4158 coll.
748 4102 862 4162 Schmid.
878 4110 907 4155 ot
922 4102 1005 4155 Oroll.
1021 4102 1055 4155 ad
1069 4107 1095 4170 2,
1111 4105 1136 4170 2,
1151 4104 1212 4156 171.
1227 4100 1320 4156 fletur.
1341 4101 1449 4166 othus.
1461 4103 1505 4168 10,

363 4190 390 4242 7.
404 4187 544 4241 Loers.ad
557 4187 739 4244 osin'rrist.
758 4187 784 4254 3,
802 4182 829 4253 4,
845 4186 888 4244 25.
908 4187 985 4242 John.
1000 4186 1033 4240 sd
1049 4186 1122 4258 Vir-g.
1135 4189 1188 4244 Ge.
1203 4190 1228 4256 1,
1244 4187 1307 4244 287.
1334 4186 1375 4238 Do
1389 4185 1430 4238 irc
1442 4185 1462 4236 i.
1477 4201 1504 4239 e.

364 4273 455 4328 lurore
466 4288 570 4340 eornm,
583 4273 629 4342 qui
638 4273 681 4326 rel
694 4279 813 4342 pugnent
827 4273 868 4324 vel
879 4271 1022 4342 pugnaturi
1032 4281 1107 4342 sunt,
1125 4271 1233 4328 Miuch.
1249 4271 1283 4326 ad
1299 4265 1389 4339 001,
1402 4267 1444 4340 15,
1459 4269 1504 4324 19.

364 4356 478 4412 Bronkh.
494 4367 523 4413 et
535 4355 653 4412 Huschk.
668 4357 701 4412 sd
717 4357 781 4414 Tib.
796 4361 823 4424 1,
834 4357 862 4427 3,
874 4353 920 4412 47.

838 4583 1012 4596 *nn—u·-
