3420 5332
378 503 442 567 ιεο
473 505 682 568 connum.
697 507 742 570 uu
755 471 848 570 noo.
864 506 939 570 nra.
955 511 976 569 1.
1005 506 1129 571 arur.
1144 507 1452 572 ouoonvrcnsnr.
1483 514 1523 576 ιε

378 669 537 757 α’γροικίοι
557 673 592 738 δὲ
612 677 790 763 βωμολοχίᾳ.
836 679 997 756 Asperitas
1012 685 1123 756 antem,
1148 674 1303 760 ἀγροικία,
1330 699 1403 759 quae
1424 679 1523 740 Theo-

377 775 495 853 phrasto
514 771 592 839 εἶναι
610 774 729 858 operta
752 775 895 860 ἆσχήμων
915 784 1018 840 dicitur
1037 781 1234 856 (casaubad
1255 782 1339 843 Char.
1361 782 1392 846 4.
1417 781 1521 862 p.·48.

377 879 436 956 R),
460 881 560 959 partim
580 880 704 959 politiori
717 882 880 941 humanitati
898 881 1050 962 (Douring.
1070 884 1109 942 ad
1126 883 1219 960 Epist
1237 885 1267 960 2,
1288 887 1319 959 1,
1340 883 1410 948 129.
1434 883 1468 944 l.
1487 881 1520 942 P.

379 983 471 1060 163),
493 985 595 1062 partim
616 984 738 1044 libertati
753 983 842 1044 libero
861 986 971 1045 homine
990 988 1111 1062 dignae,
1133 1005 1206 1064 quae
1222 981 1427 1068 Ιίευθεριόκης
1444 987 1520 1068 (Cic.

376 1104 421 1162 pr.
443 1085 539 1144 Plane.
564 1086 615 1162 13,
636 1085 702 1162 38.)
722 1087 818 1160 audit,
844 1089 1011 1166 opponitur,
1035 1087 1093 1146 vid.
1114 1087 1201 1166 seyn.
1228 1089 1265 1146 ad
1286 1088 1347 1148 Cic.
1367 1087 1448 1148 Lsel.
1469 1089 1520 1163 23,

377 1189 429 1250 87.
452 1185 504 1262 25,
525 1189 574 1250 91.
597 1187 730 1266 Epitheta
749 1189 887 1248 cumulata
902 1189 1042 1268 (agrestio
1061 1184 1194 1250 Doederl.
1213 1189 1282 1264 Syn.
1303 1193 1325 1248 l.
1345 1209 1376 1268 p.
1391 1193 1454 1265 72,
1474 1191 1521 1247 in-

377 1290 523 1346 concinna
546 1291 596 1366 17,
618 1292 667 1352 29.
689 1289 753 1349 οοΙΙ.
775 1293 909 1347 σοιιοίιιιι.
935 1290 984 1366 11,
1009 1291 1038 1350 2.
1065 1290 1177 1363 Sat-1,
1199 1291 1230 1366 3,
1250 1289 1302 1354 50.
1323 1292 1418 1369 Epist.
1437 1295 1468 1368 2,
1488 1294 1519 1367 1,

377 1390 442 1467 74.)
461 1391 534 1449 illius
556 1398 584 1450 et
602 1393 832 1452 inhumanitatem
851 1397 882 1450 et
899 1391 1057 1449 molestiam
1074 1392 1207 1450 indicant.
1238 1391 1319 1451 llaue
1337 1393 1522 1469 significatio-

376 1511 441 1551 nem
461 1493 551 1552 Poeta
570 1494 644 1552 infra
664 1495 858 1573 persequitur,
888 1491 961 1550 illam
987 1499 1088 1571 utpote
1116 1492 1199 1550 latius
1219 1495 1426 1570 pertinentem,
1448 1512 1521 1571 quae

377 1597 476 1654 eadem
498 1615 585 1674 saepe
605 1589 768 1676 τραχύτης,
790 1595 926 1654 severitas
946 1594 1031 1652 nimia
1053 1601 1116 1670 est,
1142 1613 1199 1672 quo
1220 1595 1289 1653 vitio
1311 1597 1361 1674 qui
1381 1595 1520 1670 laborant,

377 1693 519 1760 δύσκολοι
539 1697 732 1777 appellantur,
752 1698 798 1758 hic
818 1695 966 1773 significat.
998 1693 1134 1755 Dicuntur
1155 1703 1247 1755 antem
1268 1697 1522 1755 recommendare

377 1809 459 1856 tensa
480 1809 563 1869 oute,
585 1799 663 1858 dent.
684 1801 774 1870 atrab,
801 1805 939 1878 qnatenus
960 1797 1094 1874 singulari
1116 1800 1236 1876 quadam
1258 1801 1409 1859 serentate
1431 1806 1460 1858 et
1476 1801 1521 1858 in-

375 1901 496 1959 humana
516 1902 689 1980 negligentia
712 1903 785 1981 (Cic.
806 1901 893 1960 oruc.
918 1903 947 1973 1,
969 1899 1022 1975 36,
1044 1899 1087 1979 5.)
1108 1899 1225 1959 aliorum
1246 1903 1371 1960 favorem
1394 1901 1447 1959 sibi
1467 1919 1521 1978 pa-

376 2021 440 2060 rare
458 2001 601 2062 ondens.
622 2005 748 2082 lntellige
768 2003 903 2083 imprimis
923 1999 1120 2059 adolescentes
1139 2000 1254 2061 Stoicae
1275 2009 1371 2063 sectae
1392 2003 1521 2061 addictos

376 2103 509 2182 (Rupert.
528 2107 565 2164 ad
582 2107 646 2167 Jur.
669 2109 699 2183 2,
719 2103 796 2186 14.),
815 2105 878 2182 qui,
900 2103 977 2180 quod
993 2101 1134 2161 hominum
1156 2103 1339 2181 elegantioris
1360 2104 1450 2163 cultus
1470 2103 1522 2162 ha-

376 2206 508 2284 bitusque
527 2208 730 2267 incuriosorum
751 2207 796 2266 vel
814 2207 878 2285 plns
895 2224 986 2281 aequo
1006 2221 1155 2282 parcorum
1173 2212 1249 2282 erat,
1270 2206 1389 2286 capillos
1410 2209 1447 2264 ad
1471 2225 1520 2265 cu·

376 2316 434 2368 tem
455 2310 575 2368 tondere
595 2311 671 2369 soliti
689 2316 766 2369 sunt.
806 2305 900 2366 Notus
919 2313 963 2364 est
983 2305 1030 2364 ille
1048 2307 1186 2367 tondendi
1206 2328 1287 2384 mos,
1314 2307 1347 2371 tv
1367 2311 1430 2394 χρῷ
1450 2331 1521 2370 κον-

377 2412 445 2492 ρία,
467 2427 550 2488 quem
571 2429 628 2490 quo
647 2412 710 2487 jure
729 2408 867 2468 Diintrer
887 2414 918 2466 et
938 2407 1155 2488 Dillenburger
1173 2429 1226 2489 pro
1243 2409 1331 2469 barba
1348 2429 1413 2470 rasa
1432 2409 1521 2468 habe-

376 2519 442 2590 ant,
461 2529 506 2571 me
523 2513 603 2592 sugit.
640 2512 683 2572 lta
696 2511 856 2572 Alcibiades
872 2513 993 2590 Spartae
1013 2508 1183 2588 κειρόμενος
1204 2510 1236 2573 ἐν
1257 2513 1318 2596 χρῷ
1331 2520 1385 2575 etc.
1405 2513 1520 2589 (legisse

376 2615 477 2674 dicitur
498 2634 544 2693 ap.
566 2615 708 2674 Plutarch.
730 2615 749 2673 l.
771 2615 789 2672 1.
820 2634 849 2692 p.
872 2612 961 2689 192.,
991 2612 1036 2671 vel
1063 2613 1099 2671 de
1125 2613 1196 2692 ipsis
1222 2611 1382 2673 mulieribus
1402 2611 1521 2673 Luciau.

376 2715 425 2776 Βίι
447 2735 539 2776 accos.
561 2717 611 2782 20.
640 2715 673 2778 ἐν
698 2717 762 2798 χρῷ
787 2713 995 2796 κέκαρμαι-
1014 2747 1056 2760 -
1077 2713 1129 2776 nol
1155 2711 1324 2796 cavilonno}
1345 2716 1437 2778 δοκοῖ.
1475 2715 1519 2774 ld.

376 2820 413 2878 de
433 2819 557 2896 Fugitiv.
581 2821 632 2883 27.
650 2821 779 2899 γυναῖκα
796 2815 829 2880 ἐν
846 2821 907 2903 χρῷ
926 2816 1113 2898 κεκαρμένην
1133 2819 1176 2891 εὶς
1197 2813 1230 2882 ro*
1249 2811 1445 2895 Λακωνικόν,
1467 2809 1520 2898 ἆρ-

377 2917 515 3006 bruenio
535 2917 586 2981 καὶ
601 2925 657 2981 ete.
690 2919 775 2977 Coni.
797 2920 841 2980 hic
860 2921 985 2980 Schmid.
1004 2927 1034 2979 et
1050 2920 1129 2979 locos
1154 2922 1186 2996 7,
1207 2920 1258 2983 60.
1281 2940 1311 2998 p·
1331 2921 1404 2984 378.
1431 2921 1519 3000 laun,

376 3022 495 3082 Salmas.
512 3025 550 3082 ad
571 3021 693 3081 Tertull.
716 3023 752 3081 de
772 3023 842 3086 Pall.
862 3043 891 3102 p.
912 3025 983 3086 266.
1004 3021 1091 3080 indic.
1113 3021 1150 3079 ad
1172 3020 1318 3100 Theophr.
1342 3021 1427 3082 Char.
1445 3043 1469 3086 n.
1491 3042 1519 3082 r.

375 3125 528 3204 κείρεσθαι
554 3130 584 3184 et
610 3123 646 3182 F.
675 3125 713 3182 Ο.
739 3124 823 3189 Jahn.
850 3125 888 3184 ad
914 3124 994 3186 Pers.
1020 3125 1056 3201 3,
1080 3121 1129 3188 54.
1171 3123 1305 3182 Similiter
1330 3122 1431 3182 ἅιιιιιε
1459 3131 1521 3188 otri

376 3245 472 3288 comm
490 3233 572 3301 snut,
593 3246 712 3302 quorum
726 3229 826 3286 dentes
838 3235 955 3307 propter
969 3229 1080 3286 nimiam
1095 3215 1297 3302 negligentiam
1310 3225 1438 3304 rubigine
1457 3247 1520 3288 sor-

376 3329 460 3406 dent,
482 3327 568 3386 Ouid.
590 3329 624 3385 Δ.
644 3327 681 3392 Α.
698 3333 728 3404 1,
749 3331 811 3394 515
824 3351 888 3409 sqq.
911 3331 944 3405 8,
962 3332 1032 3393 197.
1066 3326 1099 3386 lu
1114 3327 1231 3386 alteram
1244 3335 1354 3406 partem
1371 3327 1519 3408 Theophr.

377 3429 462 3490 Char.
484 3429 516 3506 5,
536 3430 567 3492 3.
598 3430 634 3488 de
647 3431 699 3507 iia,
720 3432 769 3508 qui
786 3433 902 3509 gratiosi
925 3451 990 3490 ease
1011 3429 1112 3490 velint:
1138 3426 1426 3504 wintermanoth
1444 3424 1519 3493 ἄκο-

376 3531 535 3614 aripennus
555 3529 606 3593 nui
626 3530 698 3605 τούς
721 3523 845 3608 ὀδόντας
865 3529 989 3605 levantia
1008 3531 1092 3612 Ιχειν.
1130 3532 1223 3601 Quum
1243 3532 1317 3591 inter
1334 3551 1432 3592 onnes
1450 3553 1519 3592 oon-

377 3640 452 3710 stet,
484 3639 513 3693 et
539 3632 571 3696 ἐν
594 3637 657 3718 χρῷ
683 3633 863 3714 κεκαρμένον
893 3639 922 3693 et
949 3633 1033 3712 plane
1061 3635 1203 3692 intonsum
1224 3652 1288 3692 esse
1316 3633 1453 3711 (casaub.
1480 3635 1517 3693 ad

377 3734 522 3814 steophr.
550 3735 634 3799 Char.
662 3737 719 3812 10,
748 3734 778 3800 4.
805 3757 834 3815 p·
858 3735 927 3798 134.
948 3735 998 3814 F.)
1024 3755 1114 3813 aeque
1136 3743 1235 3794 contra
1263 3737 1394 3797 decorum
1417 3737 1516 3813 fuisse,

376 3837 445 3898 nihil
463 3855 549 3916 agere
564 3839 584 3897 ii
605 3838 739 3898 censendi
758 3845 841 3915 aunt,
861 3838 909 3915 qni
927 3837 964 3896 de
981 3843 1146 3919 conjectura
1167 3839 1286 3904 ιἰισσιιια
1302 3836 1405 3918 orout)
1426 3838 1518 3916 scrip·

377 3947 483 4004 serunt.
522 3941 633 4000 Seneca
653 3941 765 4018 quidem
785 3941 821 3999 de
842 3939 999 3999 hominibus
1021 3959 1088 4000 suae
1109 3941 1209 4000 aetatis
1236 3939 1327 4018 Epist.
1346 3941 1390 4002 bn
1417 3939 1516 4018 Aspo-

458 4127 488 4200 *)
499 4133 658 4188 Snnndonua
670 4148 740 4200 „ana
749 4133 833 4188 barbe
843 4129 1001 4201 mal-faita‚“
1016 4138 1109 4186 coam
1118 4129 1245 4185 Ducarius
1255 4128 1288 4182 tle
1301 4128 1432 4199 scriptura
1442 4129 1514 4198 vulg.

376 4234 446 4285 „uua
456 4217 552 4288 longua
563 4219 665 4272 barba“
678 4240 720 4268 z:
734 4236 788 4288 „en
803 4236 836 4271 na
849 4234 877 4270 so
892 4217 991 4271 faisant
1005 4216 1031 4270 la
1049 4217 1133 4271 barbe
1151 4215 1227 4286 qu’au
1249 4214 1359 4268 εἰσορῶ*
1378 4213 1512 4281 intelligit.

376 4302 515 4373 Suspicari
524 4303 626 4374 possis,
642 4301 756 4356 infimum
767 4303 832 4357 illud
843 4319 990 4356 εοσιτεεοιο
1004 4317 1087 4370 geum
1100 4301 1228 4370 intelllgi,
1243 4301 1289 4371 qni
1299 4307 1329 4354 ut
1342 4299 1410 4354 mimi
1423 4298 1457 4352 nd
1473 4297 1513 4350 ri-

376 4402 432 4439 sum
447 4390 601 4442 movendum
614 4385 702 4456 eapite
715 4405 776 4442 raso
786 4387 893 4442 fuerint.
913 4387 1076 4455 Artemid.1‚
1089 4391 1132 4444 22.
1153 4385 1300 4454 Ξνρᾶσθειι
1315 4381 1346 4438 δὲ
1359 4385 1449 4440 mit
1461 4377 1514 4449 'fl'

375 4466 497 4538 κεφαλὴν
512 4463 578 4540 ὅλην
596 4503 640 4514 -
657 4473 846 4536 γελωτοποιοῖς
860 4504 903 4515 -
916 4466 1036 4542 ἀγαθόν.
1069 4470 1194 4526 Maneth.
1215 4470 1379 4540 Apotaleam.
1399 4467 1431 4537 5,
1451 4463 1513 4525 101.

376 4551 549 4622 nonnosum
569 4550 706 4626 asportate,
725 4557 823 4626 μίμους
844 4550 946 4628 iglacus
960 4557 1089 4628 γελοίους.
1117 4555 1179 4612 Vitl.
1197 4553 1314 4626 Zieglnr.
1333 4556 1368 4610 tle
1383 4554 1473 4610 llinis
1484 4571 1512 4625 p.
