3380 5324
346 461 410 528 864
453 463 661 528 COHMFNT.
678 464 721 526 ΙΝ
737 462 827 522 llOll.
845 461 918 522 ΗΒ.
934 463 954 526 1.
986 461 1384 526 ΕΡ18Τ.8ΕΡΤ.1)Ε(3111.
1450 465 1491 528 16

340 636 468 716 fecisse,
489 637 509 694 i.
531 654 556 696 e.
576 635 604 695 in
625 653 705 694 susm
723 651 782 694 rem
802 633 948 708 vertendi,
969 634 1046 710 qnod
1067 634 1131 710 quis
1149 634 1180 692 in
1201 635 1328 714 pluribus
1346 640 1375 697 et
1394 633 1491 698 olienis

345 738 463 798 invenit.
495 735 577 796 Hono
596 735 803 796 contrariorum
823 735 966 794 notionem
987 733 1095 814 (Libls.
1118 740 1157 796 nd
1181 737 1237 800 Od.
1260 740 1296 812 1,
1319 737 1357 812 1,
1378 734 1422 814 9.)
1445 736 1491 794 hio

347 839 452 898 sentire
471 837 564 914 melo,
595 856 679 916 quem
708 837 760 896 sibi
787 837 965 912 vindicandi,
992 839 1068 916 quod
1093 839 1186 898 animo
1214 857 1327 924 semper
1353 838 1438 898 lixum
1463 843 1493 898 et
1522 835 1525 842 ’

347 941 490 1000 immotum
506 938 671 1026 inhaereat..
698 936 788 998 Recte
809 937 959 996 dictionem
980 937 1173 1018 Porphyrione
1190 945 1303 1000 auctore
1323 913 1489 1018 interprete-

346 1050 392 1102 tus
414 1049 459 1100 est
478 1039 665 1110 Lambinus,
688 1039 759 1098 mole
779 1038 948 1118 Cruquiur,
976 1040 1024 1116 qui
1041 1039 1093 1100 tihi
1113 1042 1256 1120 proprium
1276 1061 1341 1101 esse
1362 1042 1432 1100 dicit
1452 1059 1491 1120 „o

347 1150 376 1206 te
396 1144 558 1220 inventum,
585 1143 636 1203 tibi
657 1143 705 1200 uni
733 1141 914 1218 cognitum.“
948 1140 1028 1200 Vurr.
1060 1141 1122 1200 Sat.
1144 1141 1270 1222 Menipp·
1294 1145 1349 1218 12,
1377 1146 1406 1210 2.
1437 1142 1489 1220 (ib.

348 1244 467 1320 Oehler)
494 1246 595 1304 Ursum
619 1245 758 1302 vuastsm
777 1244 933 1320 propriam
961 1241 1137 1302 mortalibus
1154 1244 1255 1322 seori,
1291 1245 1394 1302 Cetera
1416 1265 1490 1322 pro·

346 1350 457 1406 misene
484 1345 579 1406 troierit
605 1347 773 1404 communio
801 1343 918 1408 habers.
966 1343 1075 1404 Dubito
1097 1365 1211 1424 qnoque
1235 1347 1271 1406 de
1299 1346 1491 1423 similitudine,

345 1468 464 1527 quemn
486 1468 571 1508 cerne
595 1465 708 1508 comeso
728 1453 757 1504 et
775 1447 803 1507 in
822 1467 933 1508 sueorum
952 1467 987 1508 so
1007 1447 1171 1525 sanguinem
1196 1467 1331 1510 converso
1352 1455 1490 1526 sumptu·

347 1554 478 1630 opinatur
500 1551 666 1626 Dooeriur,
686 1567 773 1638 gnum
797 1549 878 1606 dicit:
900 1546 966 1626 „Le
986 1550 1090 1626 garder
1104 1569 1176 1628 pour
1195 1569 1264 1608 vous
1286 1567 1321 1610 eu
1342 1553 1443 1625 servir,
1464 1550 1490 1610 le

346 1655 502 1728 convertis,
521 1670 629 1711 comme
647 1670 684 1710 ou
707 1649 766 1724 dit,
789 1667 824 1710 eu
844 1649 923 1710 vitre
941 1669 1047 1730 propre
1061 1651 1224 1712 substance.
1268 1650 1347 1710 C'est
1364 1671 1418 1712 une
1431 1653 1490 1712 me·

344 1738 464 1834 topirore
488 1755 565 1833 prise
586 1753 638 1813 des
652 1753 767 1810 viandes
788 1752 910 1812 doulon
930 1771 962 1810 se
977 1754 1118 1812 nourrit.“
1153 1752 1198 1812 De
1216 1753 1393 1834 lniinitivo*)
1414 1753 1486 1814 Per·

346 1856 414 1918 sesti
433 1863 462 1918 et
482 1856 575 1916 hicet
596 1875 622 1914 v.
643 1853 695 1916 85.
715 1857 792 1914 recte
813 1853 939 1934 disputet
963 1853 1144 1914 Schmidc'us.

430 1959 465 2016 V.
487 1961 507 2022 6
529 1991 570 2002 -
592 1959 622 2022 8.
672 1957 708 2014 Si
732 1965 761 2014 ts
777 1965 870 2034 grato
890 1991 931 2002 —-
952 1958 995 2014 irs
1013 1955 1137 2030 jubebo.
1192 1955 1254 2016 Jam
1282 1956 1372 2018 Poeta
1400 1958 1490 2016 omloo

345 2061 492 2120 eonsilium
512 2059 549 2118 sle
571 2057 701 2135 eligendo
721 2057 795 2116 vitoe
814 2059 925 2118 ratione
946 2059 1061 2119 dstmus
1082 2063 1192 2134 monet,
1213 2062 1268 2134 „ut
1286 2077 1343 2134 quo
1363 2075 1425 2116 eum
1440 2073 1488 2114 ns-

345 2170 411 2224 tura
432 2161 542 2240 trehet,
562 2160 592 2218 id
611 2160 790 2238 potissimum
811 2165 946 2236 sequutum
965 2163 995 2218 et
1015 2160 1071 2238 its,
1091 2167 1138 2236 ut,
1164 2159 1189 2218 si
1209 2161 1305 2236 quiete
1326 2164 1411 2235 utque
1431 2158 1490 2218 otio

346 2263 504 2324 delectetur
524 2263 674 2342 strepitum
693 2261 899 2338 clamoremque
919 2257 1038 2320 moleste
1052 2260 1164 2336 serens,
1186 2259 1291 2323 Urbem
1305 2259 1491 2320 turbulentum

346 2364 462 2424 deseret
481 2369 512 2422 et
530 2365 561 2424 in
579 2363 673 2427 locum
687 2363 827 2442 quendem
847 2363 1069 2440 infrequentem,
1091 2363 1130 2436 uti
1144 2363 1325 2422 Ferentinum
1343 2363 1491 2422 secednr.“

241 2475 246 2480 '
344 2465 529 2526 Rementem
551 2465 632 2526 lulius
658 2470 802 2544 patentem
829 2464 932 2540 insigni
958 2462 1079 2541 quodem
1101 2463 1340 2523 incommodorum
1365 2483 1492 2540 quorun-

343 2567 429 2643 dam,
457 2585 529 2645 quoe
550 2566 617 2628 urbs
641 2567 733 2628 Rome
756 2564 856 2642 habet,
883 2564 1072 2643 descriptione
1101 2566 1182 2643 quasi
1214 2564 1251 2624 olr
1277 2563 1374 2624 oculos
1399 2566 1491 2643 ponit,

344 2667 432 2728 noos
453 2667 482 2726 in
503 2650 642 2730 eam'rem
662 2669 699 2726 ar
719 2670 750 2744 7,
770 2667 820 2730 45.
840 2665 961 2726 nautis
985 2667 1059 2726 aure
1081 2663 1147 2732 ris.
1170 2671 1201 2743 2,
1218 2667 1249 2744 3,
1266 2665 1307 2728 ss
1329 2662 1381 2743 (u.
1399 2662 1491 2742 uss.)

344 2768 432 2830 Mart.
453 2765 485 2846 4,
504 2767 558 2846 54,
579 2770 619 2834 20
634 2789 697 2848 sqq.
717 2768 768 2849 (ib.
787 2767 884 2828 Rader
904 2789 934 2848 p.
949 2766 1025 2846 843)
1047 2768 1076 2844 5,
1095 2771 1134 2834 22
1158 2768 1238 2848 (28),
1260 2771 1291 2844 7,
1310 2770 1339 2831 8.
1358 2767 1444 2848 (Rnd.
1462 2788 1490 2845 p.

345 2872 430 2952 382).
474 2871 650 2931 Sententiam
676 2877 734 2930 tam
760 2871 873 2952 plenam
902 2871 1035 2932 obscuret
1055 2871 1182 2952 improba
1219 2869 1312 2928 Orelli
1341 2869 1491 2939 subtilitas,

345 2975 450 3053 quippe
469 2974 517 3053 qui
539 2973 584 3034 hio
596 2972 691 3032 multo
707 2979 737 3032 et
751 2974 869 3034 molesto
882 2975 998 3051 itinere,
1019 2991 1092 3052 quoe
1112 2991 1167 3034 rino
1185 2992 1249 3032 cum
1268 2977 1386 3051 potente
1401 2972 1490 3030 amico

345 3077 524 3156 suscipiendo
545 3074 665 3152 luerint,
687 3077 853 3154 nescioquo
874 3083 959 3156 poeto
976 3076 1079 3135 videat.
1123 3073 1246 3136 Praeivit
1262 3079 1356 3133 nutem
1373 3074 1422 3137 br,
1437 3075 1491 3131 Jo-

346 3176 463 3236 eobsius
482 3177 531 3255 (V.
550 3197 581 3256 p.
602 3177 659 3253 87)
679 3182 707 3236 et
725 3179 934 3257 quodammodo
959 3175 1130 3236 Sclsmidius
1158 3177 1319 3254 suspicione
1345 3193 1397 3236 suo
1421 3175 1490 3234 leri-

346 3288 408 3354 ter,
441 3284 472 3338 ut
496 3279 525 3336 in
552 3278 654 3337 talibus
674 3277 798 3356 ossolet,
824 3284 910 3362 jecto.
960 3279 1042 3340 Viros
1068 3278 1132 3338 illos
1158 3277 1337 3340 doctissimos
1354 3277 1490 3354 hysteron

345 3385 482 3456 proteron
499 3377 535 3437 ab
557 3380 627 3458 ipsis
654 3380 806 3440 admissum
832 3382 875 3458 (in
897 3400 978 3464 seqq.
1006 3381 1078 3440 enim
1099 3379 1151 3438 hae
1172 3381 1285 3458 quidem
1307 3399 1400 3440 rerum
1421 3397 1490 3438 eoo-

346 3479 452 3538 ditione
473 3481 516 3538 vel
538 3481 675 3542 existente
695 3482 740 3542 vel
757 3503 814 3542 non
839 3486 980 3544 existente
1000 3480 1042 3561 (v.
1068 3482 1119 3560 11)
1146 3483 1182 3542 de
1208 3485 1400 3564 potentiorum
1420 3481 1489 3542 umi-

346 3581 411 3639 oitie
425 3583 585 3662 oppetenda
599 3583 706 3662 agitur)
721 3603 778 3644 non
798 3585 921 3645 sensisse
934 3586 1021 3644 miror
1034 3603 1202 3663 semperque
1220 3584 1352 3644 mirabor.
1394 3583 1489 3642 Grato

350 3727 550 3736 ...Ἦ

429 3821 458 3892 *)
473 3821 513 3876 Ut
527 3841 554 3878 r.
565 3823 610 3880 ³5.
627 3825 701 3882 notio
712 3827 831 3882 Perieoti
844 3843 897 3880 non
912 3827 1060 3898 exstincte,
1075 3828 1115 3882 ito
1129 3829 1172 3884 hio
1182 3829 1249 3882 illud
1265 3829 1383 3900 Tempus
1400 3844 1433 3882 ex
1442 3843 1490 3880 no-

345 3907 418 3961 tione
433 3909 511 3962 rerbi
521 3927 609 3978 cures,
624 3911 665 3963 uti
678 3912 743 3966 olins
756 3931 790 3968 ex
807 3912 898 3967 verbis
914 3914 1030 3982 uolendi,
1045 3915 1166 3985 uolmdi,
1185 3914 1312 3968 similibus
1330 3919 1419 3984 aptum
1438 3919 1488 3965 ost.

346 3993 426 4048 Coni.
442 3993 541 4049 Helnd.
560 3994 593 4048 sd
615 3995 674 4048 sat.
693 3999 718 4065 1,
734 3999 759 4068 2,
772 3999 814 4053 28.
837 3997 967 4052 western.
983 4000 1016 4052 nd
1031 4001 1057 4069 2,
1075 3999 1224 4070 3,187.0.
1238 3997 1317 4055 Jahn.
1333 4000 1367 4052 sd
1378 3999 1453 4051 Pers.
1465 3997 1489 4064 l,

344 4074 389 4132 41.
408 4079 636 4149 sermionem,
654 4080 697 4136 59.
712 4083 912 4152 ssoirreourns,
926 4085 1010 4140 Febr.
1027 4085 1059 4138 sd
1075 4084 1136 4138 Lis.
1153 4089 1201 4154 22,
1218 4083 1325 4152 59,10.
1349 4083 1408 4137 Alis
1425 4083 1489 4136 ulio-

344 4181 401 4218 rum
417 4166 534 4219 locorum
553 4174 595 4218 est
608 4168 694 4234 ratio,
715 4167 769 4221 rid.
785 4169 819 4222 od
831 4172 861 4235 1,
884 4163 966 4238 121).
980 4172 1022 4225 62.
1038 4169 1098 4224 coll.
1114 4169 1202 4228 Liibk.
1217 4179 1245 4224 et
1258 4169 1375 4222 Dillenb.
1388 4169 1422 4224 sd
1437 4166 1488 4221 Od.

346 4253 370 4314 1,
387 4251 412 4316 1,
427 4245 454 4304 4.
480 4251 570 4304 Hssse
586 4252 619 4305 ud
642 4251 744 4324 Reisig.
767 4253 986 4323 „Vorlesurrgg.“
1010 4255 1044 4308 N.
1062 4252 1123 4308 453.
1145 4255 1216 4310 Baoh
1232 4256 1266 4308 ud
1285 4253 1366 4308 orio.
1383 4254 1450 4308 Met.
1464 4253 1490 4319 6,

344 4333 406 4389 870.
422 4335 542 4407 Madvig.
556 4337 658 4409 Opusc.
675 4338 711 4390 ll.
725 4354 755 4408 p.
771 4339 821 4392 119
833 4358 891 4412 sqq.
920 4337 973 4401 Qui
992 4358 1086 4394 surore
1099 4358 1156 4394 cum
1170 4339 1306 4394 lnlinitiro
1322 4359 1337 4392 n
1353 4330 1490 4410 scriptori·

344 4419 394 4470 bus
411 4421 513 4474 solutae
533 4423 662 4476 orationis
672 4423 749 4494 jungi
764 4429 878 4494 negant,
895 4425 1034 4478 conferunt
1052 4443 1147 4478 censeo
1161 4425 1218 4480 cie.
1239 4425 1320 4478 Acsd.
1336 4429 1360 4492 1,
1372 4427 1398 4494 2,
1414 4420 1442 4478 4.
1455 4423 1489 4477 ud

344 4501 428 4555 resse.
446 4503 487 4571 15,
503 4505 529 4574 5,
541 4510 566 4560 2.
583 4491 672 4560 rusci
682 4505 707 4574 5,
720 4507 763 4575 er,
778 4509 820 4564 er.
835 4525 878 4580 pr.
890 4507 979 4566 risco.
997 4506 1094 4577 uros.
