3372 5328
201 525 1242 618 107concor.muon.u1n.1.lnnrsr.oinur.nscuc
1277 524 1340 594 aot

200 715 386 793 respiciemus
411 713 551 772 hominem
576 720 605 772 et
629 717 788 774 sententiae
816 713 954 776 ecumcni
990 715 1027 776 At
1052 735 1148 778 rerum
1172 717 1218 778 hic
1237 719 1341 778 vidisse

209 814 379 874 rothonum
400 823 429 874 ct
453 813 642 874 Dr'intserum
670 823 700 876 et
724 819 795 896 ipsis
824 826 854 878 et
878 818 961 878 nobis
986 820 1169 898 gratulamur.
1209 820 1342 895 Bennoi

198 923 298 978 autem
318 918 403 976 ratio:
430 918 550 978 Bestius
571 929 715 978 corrector
734 927 766 979 ut
787 919 925 978 Achilles
945 921 1041 992 nitu,
1065 921 1138 980 Cato
1159 925 1262 982 toruior
1282 943 1341 982 nou

199 1024 260 1078 tem
280 1023 398 1097 propter
417 1021 542 1080 veritatis
567 1038 632 1080 rere
659 1022 723 1100 ipse
745 1023 969 1082 commendantis
995 1023 1049 1082 rim
1075 1021 1155 1098 (Set.
1181 1027 1217 1102 2,
1238 1027 1277 1099 7,
1298 1023 1341 1088 tt)

199 1119 279 1199 sip),
306 1139 390 1198 quem
414 1127 533 1200 propter
557 1123 727 1199 elegantiam
754 1125 893 1182 sermonis
913 1123 1063 1184 multotum
1086 1126 1245 1203 principum
1265 1126 1340 1186 viro-

198 1242 263 1282 rum
283 1222 348 1284 tulit
368 1243 534 1298 emensum,
561 1232 593 1282 ut
612 1223 790 1282 Ruhnken&
808 1226 846 1284 ed
869 1225 942 1284 Veli.
966 1224 1077 1288 Prterc.
1098 1229 1134 1302 2,
1157 1229 1218 1302 18.,
1240 1229 1340 1286 Hein-

198 1323 290 1382 riclini
312 1326 350 1384 ad
378 1324 441 1384 Juv.
465 1325 522 1404 14,
547 1327 618 1402 86„
645 1325 791 1384 tremit
815 1327 846 1386 in
865 1324 961 1386 Letle.
984 1325 1035 1386 lat.
1059 1345 1087 1382 v.
1107 1338 1266 1406 corrector,
1303 1329 1339 1390 0.

196 1423 306 1484 latinii
325 1427 362 1485 ed
384 1426 465 1488 Pers.
491 1430 528 1498 6,
554 1429 606 1492 87.
650 1429 746 1497 Quum
764 1429 915 1488 diversitas
934 1429 1153 1502 renuntiatum,
1173 1430 1275 1508 quibus
1294 1431 1340 1492 bic

196 1527 278 1589 locus
299 1547 390 1608 paene
411 1531 592 1608 opprimitur,
612 1539 671 1590 tem
690 1549 794 1608 magna
814 1533 867 1607 rit,
890 1547 939 1590 eae
959 1545 1172 1608 praeponere,
1191 1550 1249 1594 non
1266 1551 1340 1611 quae

196 1637 295 1709 peries
327 1633 474 1707 efficiunt,
507 1631 650 1692 indicasse
669 1634 751 1695 ,satis
781 1634 845 1694 erit.
894 1633 951 1700 Qui
984 1633 1155 1710 scripturam
1186 1645 1340 1700 correctns.

195 1732 343 1792 Maenius
366 1739 422 1791 etc.
457 1739 586 1811 tuentur,
618 1734 679 1796 lere
704 1737 745 1795 sic
765 1735 920 1814 explicant:
954 1719 1111 1811 ‚Maenius
1131 1736 1179 1797 vili
1204 1735 1269 1796 cibo
1290 1753 1340 1796 ex·

195 1835 291 1912 pietus
311 1835 403 1912 domi,
427 1848 574 1896 correctae
594 1845 623 1897 et
643 1857 803 1918 agnoscens
823 1845 951 1896 naturam
971 1837 1046 1896 haud
1067 1855 1153 1913 egere
1174 1836 1339 1896 lautioribus

196 1935 356 2011 alimentis,
382 1937 518 1998 luxuriam
540 1941 604 2018 ipre
625 1941 699 2000 ultro
722 1939 858 1998 damnem
880 1939 988 2016 ajebat,
1014 1940 1172 2000 luxuriosos
1192 1957 1258 1998 csse
1278 1939 1340 1998 dis-

195 2038 377 2114 perdendos;
404 2040 449 2100 rel
476 2051 622 2100 correction
630 2083 642 2112 ,
671 2041 799 2101 eruditus
819 2041 936 2120 propria
958 2040 1130 2120 experientia
1151 2045 1181 2100 et
1200 2045 1338 2117 egerrime,

195 2155 283 2216 quiam
304 2137 357 2198 sibi
378 2159 431 2219 per
450 2142 622 2202 luxuriosam
638 2145 723 2202 vitam
745 2143 953 2214 conflaverat3“
973 2143 1021 2221 qui
1041 2153 1191 2220 correptus
1207 2143 1337 2200 Baetice.

196 2239 283 2298 Idem
305 2251 359 2300 etc.
380 2241 489 2322 legunt,
511 2245 566 2305 sic:
589 2245 728 2322 „Bestius
746 2261 848 2304 avarus
869 2265 887 2303 a
906 2243 1019 2303 ldaenio
1041 2243 1184 2304 luxurioso
1205 2243 1339 2302 sordidae

193 2344 343 2424 parcitatis
366 2353 514 2406 accusatus
536 2354 566 2406 et
586 2349 689 2406 acriter
709 2357 872 2426 correptus,
891 2347 933 2406 ira
951 2353 981 2406 et
1000 2345 1194 2424 indignatione
1215 2343 1338 2420 dicebat,

195 2447 323 2504 urendos
344 2457 484 2524 nepotum
505 2460 620 2508 vererer
641 2451 747 2510 lamm
770 2449 968 2520 candente;“
993 2448 1046 2506 sed
1067 2449 1143 2510 conf.
1165 2446 1269 2520 Torr.;
1290 2449 1338 2527 qui

194 2561 343 2608 correctns
358 2552 490 2622 Bactriae.
523 2551 609 2610 Idem
628 2561 700 2629 etc,
727 2573 791 2612 cum
820 2545 951 2631 Ornqriio
978 2553 1039 2612 fere
1062 2552 1093 2610 in
1113 2551 1187 2610 hmo
1203 2550 1336 2610 modum:

194 2653 346 2730 „Mamur
367 2671 454 2712 voras
474 2655 552 2712 forte
571 2655 668 2712 incidit
687 2655 717 2712 in
737 2653 884 2731 Boeotium,
911 2655 992 2733 cujus
1013 2653 1158 2713 avaritiam
1179 2655 1338 2729 sordesque

193 2755 235 2814 itu
263 2755 438 2834 impotenter
469 2759 515 2813 est
544 2755 719 2833 insectatus,
751 2762 783 2815 ut
813 2757 856 2815 ira
885 2757 1000 2816 Bestius
1032 2773 1167 2814 accensus
1200 2754 1338 2829 ejusmodi

192 2862 310 2915 ventres
337 2857 439 2914 dixerit
462 2851 565 2914 lamina
589 2859 685 2934 potius
714 2857 838 2918 urendos
866 2858 1004 2916 candente
1030 2875 1114 2934 quam
1133 2855 1163 2912 in
1184 2855 1242 2911 vita
1263 2853 1338 2912 tole-

192 2956 333 3016 randos.“
376 2956 485 3016 Contra
508 2957 635 3034 disputat
659 2957 832 3036 Rappoltus
851 2979 881 3037 p.
903 2955 975 3020 745.
1000 2957 1127 3016 Honoris
1155 2973 1240 3012 causa
1262 2953 1338 3014 addo

193 3059 275 3116 nam
295 3065 325 3118 et
345 3057 516 3118 Hocliederi
534 3058 753 3137 explicationes,
774 3077 894 3136 quorum
913 3057 976 3118 ille:
998 3098 1026 3128 „
1033 3065 1191 3131 correptus.
1216 3055 1339 3114 Boetia

193 3159 236 3218 td.
245 3201 258 3230 ,
285 3160 303 3221 i.
325 3179 349 3218 e.
370 3160 553 3238 objurgatus,
578 3158 777 3238 reprehensus.
808 3159 884 3217 ldem
905 3159 988 3218 homo
1007 3158 1115 3217 bertine
1133 3155 1230 3216 sinilia
1246 3159 1339 3234 etc.‚“

192 3263 253 3322 hic:
277 3273 460 3334 „correctus
482 3263 604 3320 Bestius
625 3261 682 3332 id,
702 3261 721 3318 i.
739 3281 764 3320 e.
786 3261 952 3321 emendatus
973 3262 1115 3338 vitamque
1131 3259 1255 3336 priorem
1274 3259 1338 3338 ipre

179 3367 341 3438 damnans.
362 3365 471 3424 ldem.“
493 3365 597 3424 Cetera
617 3373 649 3424 ut
669 3361 781 3440 Fea.*)
805 3395 847 3405 -
867 3359 962 3448 Verba
982 3367 1077 3420 autem
1098 3371 1213 3419 vernes
1233 3357 1338 3420 lamna

193 3468 283 3528 caud.
305 3478 401 3545 nepot.
423 3467 549 3526 urendos
570 3468 714 3528 illinetrent
733 3465 796 3528 Cic.
813 3463 896 3523 Verr.
916 3461 948 3538 ὃ,
969 3463 1022 3540 63,
1045 3462 1115 3526 163.
1148 3461 1337 3543 Quidquam

278 3725 302 3796 *)
318 3726 448 3782 Similiter
461 3727 614 3794 Maronitas,
629 3727 674 3798 qai
686 3725 852 3796 comparavit
866 3725 926 3778 Sat.
943 3725 967 3790 2,
982 3723 1009 3790 3,
1025 3722 1085 3780 257.
1106 3730 1135 3776 et
1154 3721 1270 3778 Bestiam
1285 3741 1335 3793 pro

193 3813 316 3883 Maenio,
330 3813 350 3866 i.
364 3832 390 3866 e.
406 3813 510 3867 homine
525 3812 627 3866 belluto
642 3809 796 3882 (beluatoi)
816 3807 869 3863 dici
884 3807 1007 3879 opinatus
1022 3814 1073 3864 est.
1096 3807 1183 3876 Quid,
1199 3809 1269 3882 quod
1280 3811 1335 3877 jam

192 3897 361 3954 aiamim
372 3899 399 3952 in
410 3899 497 3953 Restio
511 3895 651 3952 stultitiam
665 3895 776 3950 hominis
791 3901 908 3948 notatam
922 3893 1002 3948 vidit.
1025 3893 1078 3958 Qui
1092 3911 1137 3948 ree
1147 3894 1261 3948 minutas
1275 3891 1336 3946 dili-

193 3983 300 4050 gentiae
313 3984 419 4040 nimium
432 3984 565 4038 sollicitae
579 3999 631 4036 non
647 3989 757 4052 putant,
772 3997 861 4034 eorurn
876 3997 916 4032 me
934 3977 1039 4034 conlido
1054 3979 1180 4033 initurum
1197 3996 1256 4034 esse
1270 3997 1333 4050 gre·

195 4065 273 4134 dum,
297 4067 320 4120 si
344 4086 412 4139 quse
431 4069 619 4124 Fordinrndue
635 4067 808 4136 Hnutlaliuo,
830 4066 880 4118 Vir
901 4066 1023 4118 doctrina
1042 4064 1183 4136 multiplici
1202 4065 1336 4118 excellens

193 4169 297 4224 suoque
313 4151 341 4206 in
355 4171 396 4207 me
416 4155 504 4208 studio
525 4153 654 4224 inriguis,
675 4169 752 4224 quem
766 4152 800 4205 de
815 4151 950 4222 scriptura
964 4150 1017 4204 loci
1031 4151 1227 4218 consulueram,
1248 4148 1281 4201 ed
1295 4166 1336 4200 me

193 4239 391 4307 perhumaniter
414 4237 540 4310 scripsit,
569 4256 626 4292 cuni
646 4238 713 4310 ipsis
735 4238 973 4292 communicavero.
1009 4237 1036 4290 ls
1056 4237 1127 4288 inter
1147 4233 1200 4288 ulia
1222 4233 1334 4287 haecce:

193 4326 353 4390 „Censetur
370 4324 439 4377 habe
452 4323 497 4378 ich
510 4323 637 4396 augendo
651 4323 689 4378 ale
704 4323 776 4378 rdine
786 4323 884 4376 Lesurt
898 4321 1040 4392 gelandon
1054 4337 1102 4374 nur
1118 4323 1130 4374 l
1147 4319 1208 4375 cod.
1224 4335 1271 4372 ms.
1287 4317 1335 4372 des

195 4406 256 4466 llll.
269 4407 478 4478 Jehrlrundertc,
500 4411 553 4464 und
568 4427 649 4484 nwer'
659 4409 709 4463 der
722 4407 831 4464 Pariter
845 4409 914 4476 neg.
930 4405 999 4464 8213
1015 4400 1078 4482 (=
1092 4407 1127 4458 Ο.
1145 4404 1188 4457 13.
1203 4401 1249 4456 bei
1266 4403 1335 4456 Vun-

144 4537 150 4562 ,
195 4489 327 4566 derbotug
343 4496 397 4550 mid
411 4495 529 4564 Pottier)
545 4497 592 4550 luet
606 4496 673 4548 iiber
687 4502 819 4548 correctae
834 4494 879 4546 die
896 4492 1026 4546 Vnrieute
1047 4491 1087 4544 als
1107 4489 1334 4559 Verbeesernnge·

197 4577 306 4638 voraci
321 4581 368 4636 der
384 4585 407 4637 1.
422 4580 501 4634 Hand
515 4583 575 4648 „eci
587 4579 744 4636 mmort‘
764 4578 829 4633 Und
843 4577 901 4632 dies
918 4577 955 4632 ist
970 4573 1188 4630 wuhrscheiulich
1203 4574 1251 4630 der
1265 4575 1335 4630 enti-
