3426 5334
329 497 394 564 562
497 497 1316 580 excussat)noaaT.se1.sT.1,20,1erna·
1418 501 1483 578 tlt

329 677 444 749 poterat
460 669 572 748 quidem
589 667 637 728 hic
656 668 692 727 de
710 667 764 727 illis
780 687 883 747 agere,
904 669 1035 747 qnoniam
1054 673 1138 726 auten
1151 669 1206 728 ianr
1219 670 1254 729 iis
1269 670 1369 730 librum
1382 678 1480 731 osten·

329 773 421 832 derat.
454 771 558 848 Neque
573 771 648 828 eninr
662 769 709 828 alii
726 776 793 828 sunt
803 773 902 850 pauci
917 773 959 848 (r.
977 769 1028 850 4),
1051 769 1153 846 quibus
1167 773 1280 830 ostendi
1295 773 1381 850 gemit
1395 773 1481 846 liber,

329 874 383 933 nisi
402 873 484 932 amici
509 878 540 930 et
564 874 707 946 fautores,
735 889 853 949 quorum
880 870 982 950 plausu
1008 871 1055 930 ille
1085 871 1159 930 hand
1181 872 1300 950 amplius
1328 881 1481 933 contentus

329 983 400 1036 erat.
444 972 575 1051 Denique
600 973 625 1030 si
646 972 781 1051 sperabat
806 971 959 1048 Horatius,
987 993 1022 1032 se
1048 973 1259 1050 ingeniosorum
1288 974 1480 1052 nobiliumque

327 1079 450 1138 vnomm
474 1092 621 1136 assensum
651 1079 679 1132 et
699 1073 932 1152 approbationem
953 1081 1169 1153 assequuturum
1193 1093 1256 1134 esse
1277 1093 1395 1154 eamque
1414 1093 1480 1135 sor·

327 1187 384 1241 tem
402 1179 475 1238 libro
495 1174 651 1257 praedixit,
671 1175 800 1252 prolecto
819 1195 878 1233 non
897 1175 971 1235 aden
987 1179 1090 1234 misere
1108 1174 1178 1233 haec
1198 1182 1276 1251 erat,
1297 1195 1390 1254 neque
1408 1175 1479 1235 lice-

328 1283 377 1341 bat
398 1282 442 1356 ei,
462 1287 519 1339 tarn
536 1276 654 1336 invitum
673 1293 704 1334 se
722 1276 845 1352 fingere,
866 1276 933 1335 dnm
947 1278 1102 1336 dimitteret
1116 1276 1202 1336 illum.
1235 1277 1396 1354 Numquae
1413 1285 1481 1336 ban-

327 1385 393 1444 dem
418 1381 493 1441 solet
519 1399 583 1440 esse
607 1377 652 1436 rel
676 1377 983 1455 praestantissimorum
1006 1378 1140 1437 librorum
1166 1379 1297 1454 fortuna,
1324 1379 1377 1436 nisi
1407 1378 1478 1438 baec

325 1486 408 1564 ipsa,
436 1489 469 1542 ut
492 1481 578 1557 vulgo
600 1478 782 1558 displiceant,
812 1479 966 1556 ingeniosis
991 1482 1059 1544 viris
1080 1479 1220 1560 placeant.
1269 1479 1332 1548 Hac
1355 1481 1417 1560 ipsa
1440 1483 1478 1540 de

327 1605 427 1646 canusa
441 1605 479 1644 ne
495 1580 603 1642 Orellio
622 1581 735 1658 quidem
749 1582 907 1657 assentior,
931 1585 979 1660 qui
992 1583 1062 1642 baec
1080 1585 1116 1642 de
1128 1581 1218 1640 multo
1235 1582 1372 1641 maiorum
1386 1583 1479 1643 lecto-

326 1709 405 1763 rum,
433 1707 504 1765 quos
529 1703 562 1742 se
588 1683 766 1742 inventurum
791 1701 855 1744 esse
879 1691 966 1762 poeta
995 1684 1135 1761 sperarit,
1167 1701 1283 1741 numero
1304 1685 1378 1742 dicta
1395 1691 1479 1763 putat

327 1809 434 1867 eosque
462 1789 584 1847 lectores
607 1783 702 1862 paullo
728 1791 796 1860 post
824 1783 977 1843 benevolos
999 1791 1090 1842 vocat.
1133 1782 1256 1842 Omnino
1280 1791 1375 1843 autem
1393 1784 1478 1862 plura

326 1891 392 1950 mibi
413 1889 527 1948 obstare
543 1886 691 1959 videntur,
712 1884 861 1962 quominus
878 1886 925 1944 illa
944 1887 1032 1946 verba
1052 1887 1090 1944 ad
1111 1885 1232 1944 lectores
1247 1887 1307 1945 sive
1322 1884 1478 1944 benevolos

326 1991 390 2054 illos
410 1992 471 2052 eivs
491 1986 643 2058 malevolos
661 1985 825 2051 referamus.
863 1989 1013 2056 Sententia
1027 2008 1122 2049 eornm
1143 1995 1202 2048 tum
1223 1988 1285 2049 sine
1299 1985 1385 2054 dnbio
1406 1985 1478 2044 baec

327 2102 386 2158 ent:
415 2111 524 2171 „quunr
546 2091 642 2171 plnres
662 2093 785 2154 lectores
807 2091 966 2168 inveneris,
994 2092 1030 2152 de
1051 2093 1179 2170 meipso
1204 2091 1240 2156 iis
1258 2087 1392 2156 nonnulle
1409 2105 1477 2149 nar-

326 2193 437 2254 rabis.“
478 2192 527 2254 Sic
555 2201 650 2254 autem
678 2212 741 2258 com
765 2192 892 2274 proxime
920 2193 1172 2266 antecedentibus,
1194 2189 1307 2272 ,quibus
1334 2190 1371 2249 de
1398 2189 1476 2260 ludis

325 2297 419 2372 agitur
439 2295 587 2370 literariis,
609 2314 694 2372 quum
712 2294 787 2358 nullo
809 2313 929 2372 prorsus
946 2294 1056 2359 vinculo
1073 2295 1258 2367 cohaereant,
1277 2311 1334 2354 non
1353 2297 1477 2372 possunt

325 2398 381 2462 nisi
400 2415 462 2456 cum
484 2397 677 2474 superioribus
698 2397 751 2459 illis
771 2394 813 2474 (v.
829 2395 879 2476 b)r
891 2396 994 2476 suge,
1015 2417 1073 2478 quo
1088 2395 1259 2461 &candere
1269 2395 1382 2479 geras,
1404 2412 1477 2452 con·

325 2497 419 2572 iungi,
448 2497 488 2558 ita
515 2503 546 2562 ot
565 2497 620 2558 boc
643 2498 731 2562 totius
759 2498 897 2578 epistolae
918 2507 1114 2578 argumentum
1136 2499 1188 2563 ait:
1214 2515 1405 2576 „quamquam
1429 2497 1478 2566 in-

325 2599 401 2658 vitns
416 2610 445 2658 te
460 2599 588 2676 dimitto,
610 2617 694 2676 qaum
708 2601 811 2660 misera
828 2607 857 2660 te
875 2601 989 2662 fortuna
1001 2606 1128 2677 maneat,
1147 2597 1194 2660 abi
1208 2605 1313 2663 baren.
1346 2599 1391 2658 Ne
1405 2617 1477 2658 vero

324 2699 445 2760 lectores
467 2699 575 2778 lugiet,
597 2699 660 2778 quis
681 2700 733 2776 sit,
752 2703 800 2783 qni
814 2708 842 2764 te
861 2703 1024 2784 scripserit,
1048 2713 1147 2763 enarra
1165 2701 1215 2778 iis,
1237 2699 1327 2780 qualis
1342 2700 1478 2762 fuerim.⁶‘

323 2801 402 2862 Haec
421 2801 579 2878 sententia,
601 2819 768 2880 quamquam
788 2803 900 2864 minime
917 2805 1015 2884 inepta
1035 2810 1098 2880 est,
1125 2802 1191 2863 milri
1212 2807 1306 2862 umen
1325 2801 1360 2860 ab
1379 2800 1476 2863 Hora·

324 2904 364 2964 tio
392 2904 485 2964 aliena
505 2902 616 2964 ridetur
637 2923 719 2979 esse,
747 2911 900 2983 propterea
921 2911 998 2983 qood
1024 2912 1083 2967 tam
1105 2904 1224 2982 abrupte
1252 2903 1341 2965 verba
1374 2903 1477 2981 Quum

325 3002 380 3065 tibi
398 3003 445 3064 sol
465 3005 582 3083 tepidus
600 3005 705 3084 plectae
723 3005 888 3069 admoverit
910 3027 999 3066 aures
1018 3003 1249 3068 antecedentibus
1267 3006 1399 3085 apposita
1418 3008 1477 3064 sint

324 3125 431 3184 neque,
452 3128 508 3185 quo
529 3107 706 3186 pertineant,
733 3110 913 3186 significetur.
954 3107 1064 3169 Deinde
1085 3109 1169 3172 etiam
1193 3107 1321 3186 loqueris
1341 3115 1401 3169 tum
1420 3109 1476 3169 in-

323 3208 442 3286 perstiri
462 3209 696 3286 significationem
716 3210 816 3289 babet,
837 3231 921 3289 quum
938 3211 1135 3273 antecedentia
1155 3211 1249 3268 futura
1269 3209 1381 3286 (dicas,
1403 3211 1474 3281 erre,

321 3329 446 3386 pasces,
463 3311 581 3389 jugies)
603 3311 685 3373 aliter
698 3313 756 3375 nint
776 3319 919 3391 usurpata
951 3311 1082 3394 Denique
1096 3312 1183 3372 rerba
1198 3311 1279 3392 ipsa,
1300 3313 1338 3370 nd
1352 3311 1475 3376 lectores

324 3411 429 3489 relata,
452 3413 617 3475 difficillima
637 3421 704 3474 sunt
724 3433 815 3492 neque
836 3423 918 3494 aptos
940 3416 1095 3492 explicatos
1114 3414 1229 3476 habent
1270 3413 1394 3480 Dubium
1413 3417 1474 3493 pri-

324 3531 402 3575 mum
423 3519 483 3589 est,
515 3516 593 3592 qood
614 3521 725 3595 tempus
746 3517 920 3596 significetur
940 3517 1034 3579 verbis
1055 3516 1102 3577 sol
1120 3515 1245 3594 topatus.
1286 3515 1325 3576 Et
1345 3517 1474 3600 plerique

323 3615 437 3692 quidem
461 3615 603 3693 explicant
630 3619 678 3679 illa
703 3630 921 3696 vesperascente
947 3619 1010 3695 de,
1040 3625 1070 3678 at
1093 3618 1224 3679 solebant
1250 3618 1371 3680 Romani
1391 3639 1477 3682 mene

325 3717 421 3794 legere
443 3721 529 3794 stqne
552 3719 636 3781 etiam
660 3739 744 3782 mane
764 3721 807 3780 sol
827 3724 941 3802 tepidus
961 3729 1016 3782 est.
1062 3722 1148 3798 Quod
1171 3739 1340 3798 quamquam
1359 3723 1472 3790 minime

324 3817 495 3896 ignorabant
515 3819 657 3897 editores,
676 3822 713 3880 ad
734 3841 881 3902 vesperam
902 3830 995 3890 tamen
1024 3825 1112 3884 eade
1134 3843 1235 3884 caussa
1260 3823 1472 3902 confugiebant,

324 3919 390 3997 qnia
411 3920 497 3980 verba
522 3921 624 3998 plures
649 3922 814 3985 adcreverit
837 3945 925 3982 auree
946 3925 983 3984 ad
1006 3928 1217 4002 recitationem,
1239 3929 1284 3994 cui
1307 3927 1401 4004 plures
1425 3927 1473 3986 in-

323 4029 466 4082 teressent
483 4023 644 4101 auditores,
663 4025 813 4086 referenda
827 4045 891 4086 esse
905 4025 1054 4104 putabant.
1086 4027 1150 4088 Hoc
1162 4034 1257 4090 tamen
1271 4027 1383 4092 minime
1398 4047 1473 4106 opus

325 4129 387 4198 est,
416 4143 481 4187 nani
510 4145 593 4203 quum
615 4125 716 4192 librum
741 4134 828 4204 poeta
848 4127 1018 4192 minantem
1047 4147 1113 4190 esse
1140 4130 1230 4208 fingat
1254 4135 1284 4187 et
1310 4127 1475 4214 loquentem

324 4223 427 4301 faciat,
457 4226 565 4304 fingere
592 4225 677 4292 etism
698 4229 840 4306 debebat,
872 4228 994 4292 lectores
1018 4249 1082 4295 eum
1103 4248 1161 4290 non
1181 4248 1347 4308 percurrere
1371 4229 1472 4308 oculis,

326 4327 376 4388 sed
396 4327 505 4390 audire.
550 4330 647 4406 ltaque
667 4349 751 4408 quum
768 4331 853 4390 rerba
873 4332 920 4390 sol
939 4333 1054 4410 tepidae
1075 4338 1104 4390 et
1123 4331 1288 4390 matutinum
1308 4340 1339 4392 et
1355 4351 1474 4410 resper-

324 4427 412 4488 tinnm
432 4431 488 4490 diei
515 4439 627 4510 tempus
654 4433 813 4512 significent
839 4440 869 4492 et
896 4434 1038 4512 quotidie,
1067 4434 1181 4512 quoties
1208 4434 1252 4500 sol
1274 4434 1390 4514 tepidus
1416 4441 1473 4516 est,

323 4523 394 4588 liber
420 4529 546 4592 invenire
571 4535 666 4612 possit
692 4533 828 4612 lectores,
857 4535 1043 4614 intelligitur,
1072 4535 1222 4600 Horatium
1244 4536 1269 4596 ei
1292 4535 1474 4618 praecipere,
