3458 5318
569 489 775 553 HXCURSUS
801 487 854 552 AD
882 489 917 550 V.
942 493 991 557 12.

565 791 773 855 EXGURSUS
798 793 851 855 ΑΙ)
879 793 915 853 V.
941 795 989 859 12.

281 891 286 898 ¹
314 913 444 990 Romae
470 915 704 988 Hieronem
731 920 905 1010 ventosus,
936 915 1059 985 uisura
1079 909 1232 984 itonam.

528 1048 575 1110 De
592 1049 705 1112 Horatii
725 1069 843 1112 secessu
863 1049 1026 1114 Tiburtino.

295 1205 446 1268 Horatium
474 1221 559 1264 unam
588 1203 701 1281 villam,
740 1201 907 1274 Sabinam,
946 1203 1129 1281 possedisse,
1161 1210 1230 1280 post
1252 1202 1354 1260 doctas

195 1307 352 1368 Domirsios'
364 1307 402 1366 de
422 1305 556 1376 Samos,
582 1305 785 1385 Onpmnrts'uis'
803 1297 840 1364 ds
860 1303 997 1383 Obanpy‚
1016 1305 1202 1384 Onmpsboni
1220 1303 1354 1363 aliorum-

192 1428 250 1489 que
270 1411 477 1487 disputationes
503 1405 588 1468 boeiie
618 1407 791 1487 profitentur
820 1425 938 1482 omnes,
966 1409 1013 1486 qui
1047 1411 1076 1467 in
1104 1407 1167 1466 lnce
1198 1405 1354 1464 clarissima

192 1511 334 1571 assentire
353 1509 463 1570 nolunt.
507 1507 554 1568 De
572 1509 756 1589 possessione
773 1514 886 1586 antam,
915 1527 1000 1586 quam
1019 1508 1157 1571 Horatius
1181 1507 1282 1567 Tiburi
1307 1505 1353 1566 rel

190 1612 220 1672 iu
241 1631 312 1692 agro
333 1609 498 1688 Tiburtino,
523 1613 602 1688 enjus
621 1619 651 1672 et
670 1609 846 1670 fertilitatem
873 1615 903 1668 et
931 1613 1132 1671 amoenitatem
1159 1611 1183 1668 si
1205 1610 1352 1688 qnisquam

190 1713 261 1774 alins
282 1713 452 1792 celebrarit,
472 1712 605 1774 babuisse
633 1713 754 1790 dicitur,
783 1713 813 1771 in
841 1701 969 1772 diversas
993 1711 1100 1773 abeunt
1117 1715 1235 1794 partes.
1271 1710 1352 1779 Qua-

188 1821 309 1896 propter
329 1835 346 1876 e
363 1835 395 1876 re
415 1835 479 1876 mea
496 1833 563 1876 esse
583 1817 675 1893 duco,
696 1816 870 1893 argumentis
886 1797 917 1873 ifi
938 1821 1088 1894 utramque
1109 1821 1221 1896 partem
1241 1829 1351 1892 propo-

188 1917 254 1977 sitis
275 1937 366 1978 menm
393 1917 603 1999 qualiscumque
627 1919 665 1978 sit
682 1917 789 1975 addere
808 1913 952 1975 omnnium.
996 1909 1125 1977 Primum
1154 1921 1287 1989 constat,
1315 1931 1352 1973 er

187 2017 266 2080 nulio
285 2019 366 2096 ioco,
396 2039 453 2101 qno
482 2021 599 2098 quidem
625 2019 655 2080 ia
680 2018 771 2078 tribus
800 2017 879 2076 libris
901 2020 1055 2079 aarnuinum
1074 2017 1216 2099 prioribus
1232 2015 1350 2077 'liboris

185 2123 295 2182 mentio
314 2123 384 2199 fiat,
416 2121 492 2183 effici
511 2140 619 2202 posse,
646 2120 796 2181 Horatium
822 2119 868 2179 vei
899 2116 999 2179 'libari
1020 2121 1065 2180 vel
1085 2123 1115 2181 in
1134 2119 1248 2182 'liburti
1268 2117 1349 2178 babi-

185 2229 277 2298 tffle,
299 2223 336 2283 ef.
355 2224 414 2282 011·
438 2226 469 2300 1,
491 2225 523 2299 ⁷5
546 2225 682 2290 12-21·
714 2225 767 2299 18,
788 2224 818 2287 2·
846 2225 877 2299 29
899 2223 937 2298 6,
959 2221 989 2286 fi·
1018 2222 1057 2298 3,
1080 2219 1118 2298 49
1141 2221 1192 2288 23·
1224 2221 1283 2295 299
1304 2221 1348 2295 6η

183 2341 279 2402 usque
307 2323 429 2385 efficitur
446 2343 479 2386 ex
498 2323 591 2404 Epist.
617 2331 647 2404 1,
665 2329 698 2404 7,
718 2321 783 2400 44„
814 2323 861 2383 ubi
892 2329 923 2382 et
958 2323 1121 2382 Tarentum
1150 2323 1203 2382 sibi
1233 2321 1349 2402 placere

182 2425 325 2503 affirmat,
357 2445 414 2506 quo
444 2427 509 2487 ioso
530 2425 650 2488 Poetam
681 2425 852 2488 domicilium
884 2424 1017 2485 habuisse
1046 2443 1130 2487 nemo
1159 2425 1229 2485 dixit
1249 2443 1344 2484 sanus.

181 2527 247 2586 lme
268 2527 423 2588 omittimus
443 2530 537 2610 Epist.
561 2532 592 2605 2,
617 2531 649 2606 2,
667 2529 699 2592 3.
742 2527 1072 2608 aequimanus,
1103 2545 1136 2587 er
1162 2527 1263 2604 quibas
1292 2545 1345 2607 ap-

180 2647 284 2710 parere
307 2631 437 2710 videbor,
455 2632 606 2692 Horatium
627 2632 727 2690 sedem
746 2632 891 2710 quandam
912 2629 1020 2690 Tibure
1038 2629 1084 2689 vel
1102 2631 1131 2688 in
1149 2646 1219 2708 agro
1237 2627 1344 2690 'libur-

181 2733 242 2791 tino
262 2729 410 2808 detrusisse,
437 2739 504 2792 sunt
524 2731 569 2793 hi:
591 2731 650 2792 Od.
672 2732 703 2809 4,
723 2736 755 2813 2,
772 2735 824 2798 31.
847 2738 929 2792 esbon
940 2731 1204 2812 namneum'ds'qus
1226 2729 1345 2791 Tiburis

178 2835 265 2912 ripas
290 2851 414 2912 operosa
426 2853 544 2912 panas
563 2833 708 2896 Carmina
721 2835 830 2914 fingo,
849 2837 887 2894 ad
905 2853 990 2914 quem
1009 2834 1104 2894 locum
1128 2831 1341 2892 Waktsnw.

177 2935 255 2995 inter
273 2933 331 2992 alia
350 2934 422 2992 haec
442 2933 577 2996 observat
604 2935 820 3015 (11.p.398):
845 2933 981 3012 ‚Horace
1011 2935 1198 3010 commenoait
1228 2937 1246 2993 d
1275 2939 1343 3014 pre-

176 3036 257 3098 t'drer
278 3053 312 3094 sa
332 3035 468 3094 demente
488 3033 525 3094 de
547 3035 654 3112 mour,
675 3036 724 3113 qui
744 3035 772 3094 le
792 3035 973 3113 rapproolrsit
994 3033 1155 3110 d’Angnste
1171 3035 1257 3094 etde
1278 3033 1343 3094 bid-

178 3139 260 3215 aare,
282 3136 347 3196 'aia
365 3153 492 3214 sauuage
513 3135 604 3196 valide
622 3137 659 3195 de
679 3136 834 3215 Digentia3
866 3135 886 3193 ii
918 3155 955 3194 ne
980 3137 1033 3194 tait
1059 3135 1125 3214 plus
1153 3137 1279 3196 mention
1305 3136 1343 3194 de

177 3239 303 3315 selle-oi,
328 3243 359 3299 et
379 3255 413 3296 ae
434 3235 511 3296 n’est
528 3257 581 3319 pas
603 3239 675 3299 dans
695 3259 729 3300 ee
750 3237 899 3313 domnine,
931 3236 1002 3296 mais
1022 3241 1096 3298 dans
1116 3257 1150 3298 sa
1173 3239 1283 3297 maison
1304 3238 1341 3296 de

176 3341 286 3416 Tibur,
310 3339 382 3418 qn'il
402 3357 420 3398 a
440 3340 565 3401 termine
582 3359 631 3401 ses
648 3341 764 3421 jours.“
787 3371 823 3383 —
848 3339 906 3398 Od.
925 3335 959 3416 4,
976 3341 1009 3417 3,
1026 3341 1075 3405 10.
1108 3340 1171 3400 Sed
1187 3359 1265 3419 quas
1287 3339 1341 3397 st·-

176 3440 235 3504 brsr
256 3461 355 3520 aquas
368 3439 474 3521 fertile
492 3443 672 3520 praefluunt
694 3444 740 3503 Es
761 3433 883 3521 spissae*
902 3461 1056 3502 mmmm
1081 3463 1182 3502 eomas
1205 3443 1342 3521 Bingnst

175 3541 288 3604 Aeolio
302 3541 433 3600 ommino
451 3541 587 3606 nobilem.
631 3543 677 3603 Ad
709 3563 782 3623 quae
813 3544 900 3604 verba
931 3545 1103 3624 Porphprio:
1134 3545 1274 3626 „proprie
1301 3543 1339 3603 ad

175 3663 322 3706 masam
340 3663 421 3704 sumn
441 3647 570 3706 reserens
589 3643 646 3705 boo
665 3646 736 3706 dicit
756 3645 901 3707 Horatius.
945 3645 1047 3706 Tiburi
1069 3649 1145 3707 enirn
1164 3650 1226 3708 fere
1249 3647 1337 3706 otium

175 3765 256 3806 nunu
276 3745 479 3806 onerosam
521 3749 674 3808 Consentia
688 3745 866 3808 Scholiastes
887 3747 1004 3826 quuii
1025 3769 1056 3830 p.
1078 3749 1151 3815 219.
1175 3751 1222 3808 ed.
1246 3749 1336 3813 1611.

174 3847 399 3910 &rotmarus
420 3853 590 3910 sententiam
607 3869 688 3910 snam
708 3851 776 3910 feeit
801 3841 1014 3910 Wanksnaer'.
1035 3848 1087 3930 (11.
1109 3871 1138 3931 p.
1162 3845 1238 3931 418)
1258 3851 1337 3910 bisse

173 3949 285 4010 verbis:
306 3947 509 4031 „Porphyrion
535 3951 577 4011 dit
598 3951 664 4031 qn't
682 3949 819 4030 l'dpoque
845 3953 882 4011 od
903 3971 977 4012 uons
995 3972 1119 4014 sommes
1133 3953 1253 4030 arrives,
1273 3953 1335 4014 Ho-

174 4069 241 4111 raee
260 4053 368 4130 pons
390 4057 455 4112 tout
479 4053 508 4112 le
531 4057 628 4134 temps
649 4054 687 4113 de
706 4071 754 4113 ses
772 4053 868 4114 loisirs
891 4051 908 4111 i
929 4073 962 4114 sa
981 4055 1092 4116 maison
1112 4057 1148 4115 de
1168 4052 1277 4133 mour,
1306 4064 1335 4115 et

173 4172 230 4233 qne
252 4153 348 4213 ssent
369 4151 397 4211 iis
417 4153 489 4234 qu'il
506 4157 664 4236 oomposait
687 4175 736 4217 sss
754 4175 905 4235 ouvrages.
948 4155 973 4216 ll
996 4164 1043 4219 est
1067 4157 1149 4216 saeris
1175 4157 1335 4233 d'assigner

172 4254 217 4316 ies
238 4273 340 4316 canses
361 4255 409 4333 qui
428 4257 625 4336 prodnisaieut
646 4277 680 4318 ae
706 4259 896 4340 changemeut
915 4261 986 4320 daus
1007 4258 1050 4320 les
1077 4259 1227 4320 babitudes
1249 4257 1286 4316 de
1306 4255 1334 4316 ia

174 4357 219 4416 rie
238 4357 393 4418 d'Horaoe.
435 4357 459 4418 il
480 4379 517 4419 ne
535 4361 650 4441 porramt
669 4359 826 4442 s'dloigner
846 4362 995 4441 beaucoup
1022 4364 1061 4422 de
1080 4362 1191 4436 Rome,
1213 4375 1281 4416 sans
1300 4377 1334 4418 se

174 4463 378 4539 montrer'pen
402 4460 526 4522 sensible
556 4481 610 4525 ans
640 4463 835 4544 prdveuauces
867 4461 1030 4544 d'Auguste
1057 4463 1105 4541 qai
1138 4459 1184 4538 s'y
1210 4463 1333 4521 trourait

174 4559 283 4639 aiors‚'
302 4567 334 4622 st
361 4560 409 4641 qui
440 4566 607 4646 temoignait
635 4575 756 4631 souvent
785 4567 816 4630 le
848 4565 927 4628 desis
956 4567 994 4626 de
1027 4566 1056 4624 ie
1086 4561 1157 4622 voir.
1200 4561 1331 4640 Hdotue,
