3512 5324
268 515 308 578 81
354 509 562 574 COMMENT.
578 510 619 571 lN
633 505 814 572 flonslnu.
830 512 852 572 l.
878 512 1001 574 EPlST.
1017 514 1153 585 QUINT.
1170 511 1300 574 uncini.
1344 511 1406 578 241

267 699 354 760 allate
371 700 585 769 existimaverit,
605 719 673 760 vere
690 700 743 760 sibi
761 701 956 782 persuadebit
990 701 1101 762 Mecum
1119 705 1243 762 sentiunt
1264 703 1406 774 Orellisu,

230 867 232 872 ¹
269 801 427 874 Db'ntser,
457 801 682 882 Dillenburger.
720 804 781 865 Res
801 806 842 864 ita
863 813 1028 882 comparata
1047 806 1157 864 ridetur
1176 805 1273 864 fuisse.
1312 805 1407 866 Hora·

268 904 324 963 tius
345 923 431 982 quum
451 903 619 966 valetudinis
642 923 727 966 causa
744 927 796 984 per
814 906 934 967 hiemem
955 907 1143 971 731-732
1163 905 1233 986 (quo
1250 907 1316 966 enni
1334 913 1407 967 teru-

267 1023 338 1082 pore
359 1011 409 1075 aut
424 1026 513 1068 verno
533 1009 662 1068 homines
682 1008 769 1088 Bajas
789 1009 911 1068 lavatum
932 1010 974 1068 ire
993 1009 1094 1068 solitos
1115 1030 1184 1070 esse
1206 1017 1284 1070 recte
1305 1009 1406 1069 obser·
1487 1047 1503 1064 .

268 1107 344 1164 sarit
364 1109 504 1186 Heynius
523 1113 561 1170 ad
582 1111 609 1170 T
611 1111 649 1172 ib.
671 1112 705 1188 8,
726 1112 758 1188 5,
780 1113 810 1176 2.
832 1109 896 1168 coll.
917 1107 997 1170 Diss.
1017 1131 1048 1190 p.
1065 1111 1141 1190 861)
1163 1111 1276 1188 bajanis
1296 1111 1406 1172 balneis

266 1215 299 1268 ut
317 1211 457 1289 prioribus
478 1215 558 1272 annis
580 1214 620 1272 uti
636 1213 789 1289 voluisset,
810 1212 960 1270 calidarum
980 1231 1061 1270 usum
1079 1213 1212 1272 dissuasit
1224 1213 1292 1270 Ant.
1311 1211 1405 1294 Musa,

233 1357 236 1364 .
266 1313 384 1390 frigidas
407 1315 433 1373 ei
453 1315 578 1375 utiliores
600 1317 663 1376 fore
683 1321 772 1374 ratus.
811 1313 902 1374 Poeta
922 1313 967 1372 vel
990 1313 1049 1372 miti
1068 1314 1148 1372 coelo
1168 1334 1235 1374 orae
1251 1313 1406 1374 maritimae

267 1433 367 1474 usurus
390 1415 441 1476 uel·
456 1419 579 1495 patriam
597 1425 703 1477 terram
724 1417 777 1476 hac
798 1417 865 1475 data
893 1416 1042 1474 occasione
1062 1417 1173 1476 risurus
1192 1437 1279 1495 quum
1303 1415 1405 1476 dubins

266 1517 411 1578 etiamtum
431 1517 578 1596 haereret,
599 1526 692 1579 utrum
711 1519 803 1578 locum
817 1551 858 1596 ·.·
876 1516 984 1578 Veliam
1004 1507 1041 1576 an
1059 1516 1206 1576 Salernum
1222 1519 1404 1598 -eligeret,

265 1617 317 1678 has
337 1619 434 1682 literas
455 1623 493 1680 ad
512 1621 625 1696 Palam,
653 1621 773 1680 amicum
795 1619 869 1678 illius
890 1619 1014 1697 regionis
1038 1638 1173 1696 poenum,
1202 1621 1314 1697 atejus
1336 1639 1405 1679 con-

264 1721 329 1781 silio
364 1728 507 1800 uteretur,
543 1725 622 1782 dedit
652 1723 818 1782 facetiarum
849 1721 1039 1800 plenissimus.
1090 1721 1277 1781 Perturbatus
1310 1729 1405 1780 autem

264 1823 375 1882 duabus
397 1824 513 1903 prolixis
532 1823 683 1884 verborum
704 1822 950 1882 interclusionihus
972 1843 1067 1882 renum
1093 1826 1164 1883 ordo
1192 1830 1237 1884 est
1263 1831 1292 1884 et
1312 1823 1405 1900 negli-

263 1925 361 2000 gentia
381 1927 520 1986 sermonis
540 1934 599 1988 tam
619 1927 707 1986 libera
727 1933 843 2002 temque
864 1925 1029 2002 singularis,
1058 1933 1089 1984 ut
1110 1945 1170 1986 eam
1192 1924 1319 2005 exemplo
1344 1922 1405 1985 Lu·

264 2027 365 2086 ciliano
387 2031 543 2108 quaesitam
563 2031 673 2088 eredas.
721 2028 804 2097 Quae
822 2028 935 2105 quidem
963 2047 1010 2086 res
1036 2029 1077 2086 ita
1099 2028 1217 2088 offendit
1243 2027 1402 2107 complures

262 2130 456 2210 interpretes,
488 2134 671 2208 Ducen'um',
708 2127 926 2199 Sanadonum,
959 2128 1203 2209 Dorr'glsellnnem
1212 2171 1224 2200 ,
1258 2129 1347 2205 alios,
1372 2135 1404 2186 ut

262 2233 552 2313 priorem'Epistolae
569 2239 678 2314 partem
699 2237 769 2290 nota
794 2231 925 2290 censoria
945 2231 1058 2310 dignam
1078 2232 1233 2307 haberent,
1261 2232 1404 2311 posterio-

164 2417 169 2426 .
263 2353 324 2394 rem
343 2335 419 2396 lectu
435 2336 668 2415 jucundissimam
690 2335 826 2394 dicerent.
867 2333 1009 2412 Quicquid
1029 2341 1089 2411 est,
1111 2333 1248 2413 perplexa
1265 2332 1312 2391 illu
1333 2351 1404 2392 cou-

262 2437 423 2519 structio*)
444 2441 506 2499 sive
527 2437 621 2496 studio
643 2437 799 2513 arcessita,
822 2436 883 2494 sive
905 2454 923 2493 a
943 2435 1085 2496 liberrima
1101 2436 1205 2512 ingenii
1223 2433 1319 2494 hilaris
1342 2434 1403 2512 agi·
1512 2459 1516 2467 ·

262 2729 363 2800 Romu,
379 2732 457 2786 1757.
471 2751 500 2804 p.
514 2732 582 2800 31.].
610 2731 633 2784 ll
647 2730 685 2785 lui
698 2731 819 2784 defendit
838 2730 877 2784 les
891 2745 959 2784 eaux
975 2730 1010 2782 de
1024 2729 1102 2784 Baias
1112 2731 1129 2758 “
1143 2733 1196 2782 etc.
1218 2736 1247 2782 et
1264 2728 1358 2784 Weber
1374 2728 1400 2780 in

260 2813 332 2869 libro
349 2833 479 2888 nunquam
498 2834 550 2870 non
567 2815 700 2870 laudando
720 2855 738 2884 „
749 2818 797 2882 Qu.
819 2814 884 2868 Hor.
899 2815 942 2868 Pl.
964 2814 1004 2867 als
1018 2811 1131 2868 Mensoh
1146 2815 1198 2866 nod
1213 2811 1350 2868 Dichter“
1373 2829 1400 2882 p.

260 2897 337 2954 ³⁰2³
354 2901 494 2968 „Nehmen
508 2899 559 2954 wir
572 2918 620 2966 an,
634 2901 726 2954 Horeu
742 2899 816 2952 hitto
831 2899 875 2954 die
885 2898 1116 2964 Kaltwssserbnr,
1130 2899 1174 2951 die
1191 2915 1220 2950 er
1234 2898 1297 2950 dort
1310 2895 1400 2962 feiert,

260 2985 388 3038 wihreud
404 2984 451 3039 des
466 2987 598 3039 Summers
612 2985 661 3038 731
681 3000 714 3037 an
729 2983 811 3037 Gabii
825 2985 984 3054 begonneu,
1001 2983 1053 3035 und
1070 2981 1131 3034 weil
1146 2999 1176 3035 ea
1188 2981 1240 3033 ihm
1254 2999 1287 3033 au
1302 2981 1400 3034 diesem

260 3069 331 3122 Orte
345 3069 420 3124 nicht
431 3069 592 3140 gemuithlich
606 3087 678 3136 ner,
694 3085 727 3122 uu
741 3069 888 3122 Praeneste
902 3070 1065 3137 fortgesetut
1078 3067 1146 3134 (und
1160 3065 1222 3119 eine
1231 3065 1399 3134 Andeutung,

260 3156 323 3208 dass
338 3173 368 3210 er
381 3173 415 3210 an
430 3158 482 3211 den
496 3153 642 3210 stehendeu
656 3154 829 3222 Badegisten
846 3154 936 3208 dieser
953 3152 1100 3220 Gegendeu
1113 3149 1240 3220 gaberto,
1262 3151 1329 3220 liegt
1341 3161 1401 3205 ent-
1469 3181 1476 3190 ·

258 3241 386 3294 sehieden
402 3242 430 3295 in
445 3243 494 3310 15,
509 3241 622 3311 lfgg.)=
644 3257 674 3292 so
690 3240 788 3294 honute
804 3257 834 3300 er
848 3239 908 3293 sich
921 3238 970 3292 anf
987 3238 1039 3290 den
1053 3237 1162 3290 Winter
1175 3237 1243 3290 nach
1255 3239 1337 3305 Bajae
1352 3238 1399 3291 be·

259 3327 348 3396 geben
363 3326 466 3395 baben,
480 3344 523 3380 um
537 3326 593 3380 sich
608 3323 653 3378 liar
663 3323 707 3379 die
721 3323 874 3394 bisherigen
885 3323 1068 3392 Kasteinugeu
1078 3338 1112 3375 zu
1123 3321 1334 3391 entsehidigen“
1346 3331 1398 3377 etc.

259 3411 302 3466 sd
315 3409 500 3482 lippitudinem
515 3429 618 3484 quoque
632 3427 737 3464 versum
750 3406 778 3464 4.
793 3417 822 3463 et
836 3413 878 3465 16.
902 3411 988 3463 refert
1007 3409 1157 3475 neronum
1170 3405 1284 3478 Magium
1304 3407 1398 3477 (Misc.

259 3501 290 3566 1,
307 3500 350 3551 11.
366 3497 394 3550 in
408 3501 488 3552 Grut.
504 3499 598 3568 Lamp.
614 3495 675 3549 erit.
698 3495 732 3548 ll.
752 3513 779 3565 p.
794 3495 885 3564 1290).
911 3495 953 3549 De
970 3492 1080 3547 Horatii
1098 3493 1225 3546 universa
1243 3493 1398 3566 valetudine

257 3583 326 3638 beue
340 3581 468 3637 disseruit
478 3581 610 3638 'Weberus
621 3581 692 3635 idern
705 3579 734 3634 in
748 3579 871 3648 „Archiv
886 3581 906 3632 f.
921 3579 990 3634 Phil.
1006 3596 1031 3631 ιι.
1046 3578 1190 3648 Paedag.“
1205 3573 1356 3648 mla-111,
1370 3581 1396 3636 2.

257 3686 285 3740 p.
301 3669 372 3736 296,
390 3669 461 3723 oonf.
478 3667 613 3722 Wulelres.
629 3669 665 3722 Π.
679 3685 708 3738 p.
724 3663 786 3720 150.

341 3798 369 3870 *l
388 3801 529 3858 Senudoni
542 3802 685 3874 judiciumr
709 3801 774 3870 „On
794 3807 889 3854 monne
912 3802 978 3854 dans
998 3800 1025 3853 la
1039 3796 1169 3868 premiere
1183 3801 1271 3868 partie
1291 3817 1326 3854 nn
1343 3817 1396 3853 em·

259 3887 351 3940 barras
367 3887 400 3941 de
414 3888 477 3942 stile
492 3897 521 3942 et
542 3890 575 3943 de
597 3885 797 3954 construction,
821 3887 867 3956 qui
887 3894 930 3940 est
950 3884 1115 3940 absulumeut
1135 3882 1327 3939 bexcnsable“
1342 3893 1395 3940 etc.

258 3971 299 4023 ita
312 3969 430 4026 immutat
443 3972 615 4045 Dorighello,
631 3973 677 4044 qni
689 3971 761 4025 illum
778 3972 835 4025 fere
851 3979 882 4025 at
895 3971 1096 4040 antesignanum
1111 3969 1244 4038 sequitur,
1265 3978 1296 4022 nt
1308 3969 1396 4024 dicat:

257 4071 427 4126 „quenquam
440 4059 556 4114 fortasse
572 4059 665 4113 dedita
679 4057 761 4127 opera
781 4057 882 4110 imitari
896 4057 982 4111 voluit
1001 4054 1098 4130 Lucilii
1113 4053 1206 4108 'stilum
1225 4056 1311 4125 (quod
1331 4055 1396 4109 alibi

257 4141 337 4209 feeit)
351 4148 380 4194 et
393 4141 504 4213 Vaalae,
523 4152 551 4196 et
563 4145 662 4198 iccirco
678 4159 735 4196 eum
756 4141 839 4195 tacite
854 4143 1014 4212 objurgare,
1031 4141 1092 4193 duur
1111 4138 1240 4193 obscurae
1259 4139 1298 4194 illi
1312 4146 1340 4193 et
1355 4141 1396 4193 in·

257 4228 382 4297 digestae
395 4227 496 4296 primae
509 4231 582 4299 parti
594 4229 705 4284 alteram
718 4227 788 4282 salse
802 4234 831 4282 et
841 4227 945 4282 'callide
959 4225 1071 4298 opponit
1085 4224 1191 4278 facilem
1205 4233 1234 4278 et
1247 4231 1395 4292 venustam,

255 4331 309 4385 qua
322 4311 426 4368 indicet
439 4313 496 4366 stili
516 4314 559 4368 sui
577 4315 717 4370 naturam“
733 4325 786 4368 etc.
818 4312 982 4368 Wielundiue
1000 4317 1087 4365 autem
1105 4311 1139 4362 ab
1159 4310 1210 4364 hoc
1228 4309 1288 4362 loeo
1309 4309 1396 4382 negli-

255 4399 377 4469 gentiore
396 4395 468 4451 illem
487 4398 807 4470 &remmonpharez
828 4399 895 4467 „Es
916 4389 1021 4451 sehein't
1040 4395 1171 4450 vielrnehr
1189 4395 1234 4448 die
1253 4411 1307 4447 von
1327 4395 1395 4450 aher

255 4481 344 4538 Kaust
364 4483 417 4536 und
430 4481 544 4538 Absicht
563 4485 697 4542 eutbleiete
712 4483 931 4553 Naobbissigkeit
946 4481 994 4536 des
1011 4481 1109 4535 Vitrea
1120 4481 1174 4533 nnd
1189 4481 1238 4532 der
1255 4479 1348 4535 Ismene
1360 4497 1394 4535 au

256 4583 339 4638 seyn,
355 4583 399 4620 tro
412 4585 473 4622 man
487 4568 606 4640 anfingt,
622 4569 690 4624 ohne
705 4585 739 4623 un
751 4568 863 4638 nissen,
878 4570 930 4624 wie
944 4585 1003 4622 man
1017 4565 1146 4621 antbdren
1159 4564 1246 4618 wird“
1257 4573 1309 4619 ete.

296 4653 403 4706 nous.
423 4653 460 4708 n.
1059 4641 1099 4729 lb
1142 4643 1190 4725 (6)
