3480 5338
248 549 290 610 37
326 545 830 613 commaneamus
853 547 1300 612 EPlS'l'.DUODEVlCESlM.
1336 545 1399 612 4³5

246 717 466 795 interpretandi,
487 716 552 775 viole
573 735 639 778 sou.
660 719 698 778 ad
719 720 769 796 10,
791 715 843 784 49.
862 726 892 779 et
910 719 963 796 13,
984 721 1015 782 9.
1037 753 1080 766 -·
1098 722 1276 799 cuicumque
1296 739 1398 778 nocere

247 815 373 880 volebat.
403 817 451 876 Ne
471 816 628 896 Eutrapelo
649 819 688 878 illi
709 821 754 878 vel
771 821 975 898 iniquissimum
994 821 1118 880 animum
1138 821 1184 882 vol
1203 822 1336 898 ingentes
1355 821 1398 879 di·

248 919 330 978 vitias
359 919 449 978 luisse
478 939 539 978 oum
572 919 704 1000 Cruquto
731 923 874 1001 opineris,
909 923 1086 1002 eademnque
1112 922 1345 1002 interpretaberis
1371 925 1399 980 si

248 1023 315 1091 eui,
331 1023 516 1100 quicumque
533 1033 604 1084 erut.
643 1024 688 1082 Cf.
706 1043 772 1087 auu.
789 1025 827 1084 ad
847 1024 898 1101 15,
916 1023 966 1088 38.
987 1046 1018 1105 p·
1043 1025 1116 1088 237.
1141 1023 1314 1082 Schmids'uu
1329 1025 1397 1084 illud

245 1122 408 1184 Pronomen
429 1125 466 1183 ad
488 1125 606 1184 comites
628 1131 657 1182 et
677 1127 783 1184 smioos
811 1125 932 1185 hominis
952 1143 1057 1184 nocere
1076 1125 1198 1186 volentis
1219 1127 1399 1186 referendum

249 1231 355 1284 censet.
369 1257 412 1270 —-
432 1226 468 1289 V.
482 1228 536 1292 32.
575 1227 697 1285 l'ssts'm.
719 1225 813 1284 debut
828 1237 904 1304 pret.
925 1229 943 1286 i.
965 1247 990 1288 e.
1012 1227 1082 1290 dare
1101 1227 1212 1288 solebat
1232 1228 1399 1288 delumine

247 1333 307 1386 tum
327 1347 385 1388 non
410 1331 564 1407 superstite
587 1335 617 1387 ut
638 1329 695 1405 15,
716 1329 768 1392 34.
796 1327 944 1388 coenabat
949 1371 962 1400 ,
995 1330 1056 1388 sat.
1082 1330 1119 1404 1,
1147 1328 1184 1406 3,
1206 1331 1236 1392 3.
1262 1329 1399 1388 habebut.

253 1429 404 1509 Crispulus
426 1431 491 1509 plus
514 1449 605 1508 aequo
632 1435 732 1489 acutus
753 1430 825 1490 haue
846 1433 935 1490 sentit
959 1430 1146 1492 sententiam:
1177 1433 1245 1507 „oui
1266 1432 1311 1491 vel
1331 1451 1397 1509 pre·

248 1532 382 1607 sabaim,
403 1534 448 1592 vel
469 1532 542 1590 mule
562 1531 693 1608 volebat,
714 1534 752 1591 ob
770 1534 910 1611 ignaviam
931 1533 977 1592 vel
999 1535 1086 1592 otium
1110 1531 1154 1590 vei
1175 1531 1257 1590 elisur
1273 1533 1396 1611 culpam,

248 1635 273 1694 si
292 1633 418 1712 optabat
438 1634 540 1694 multas
560 1634 705 1693 divitias.“
741 1636 811 1712 Alii,
829 1643 861 1694 ut
888 1637 1078 1706 Torrentius,
1102 1633 1232 1711 Vulpisse
1252 1635 1290 1692 ad
1308 1635 1396 1713 Prop.

250 1735 271 1794 1.
292 1756 321 1813 p.
344 1733 417 1798 345.
438 1742 468 1794 et
490 1735 660 1795 Palclumus
680 1738 749 1796 ibid.
774 1759 804 1816 p.
826 1739 899 1802 306.
919 1739 984 1797 coll.
1011 1739 1140 1800 Gronov.
1161 1735 1254 1796 Distr.
1274 1739 1302 1794 in
1322 1738 1397 1796 Stat.

249 1837 270 1895 l.
291 1858 322 1916 p.
344 1839 415 1900 211.
438 1837 496 1897 111.
514 1858 549 1898 ex
569 1859 603 1898 ee
626 1841 739 1900 dicendi
760 1841 982 1915 cousuetudine,
1009 1859 1094 1917 quem
1113 1841 1151 1898 sd
1172 1840 1204 1912 3,
1232 1835 1281 1901 14.
1299 1838 1397 1914 tetigi·

248 1958 324 1998 murs:
345 1939 464 2015 „danda
482 1961 547 2001 esse
566 1941 696 2019 ajehal,“
715 1942 761 2000 vel
782 1947 813 2000 ut
833 1939 895 2002 ille:
918 1942 1002 2017 „dari
1021 1940 1136 2001 volebat
1155 1940 1201 2000 uel
1215 1940 1312 1998 dando
1331 1956 1398 1998 seu·

247 2039 371 2098 tiebat.“
408 2041 520 2100 larem
541 2045 643 2104 Senec.
666 2045 703 2102 de
722 2043 824 2102 Beuef·
843 2046 873 2116 2,
896 2043 946 2107 15.
969 2043 1067 2120 Saepe
1086 2041 1166 2100 nihil
1182 2043 1301 2098 interm
1321 2043 1398 2098 ium

247 2143 414 2200 απιίοοηιηι
435 2163 559 2203 munero
587 2157 616 2203 et
636 2146 766 2204 hostium
792 2153 871 2204 vota.
888 2175 932 2188 -·
954 2144 989 2204 V.
1009 2147 1062 2210 32.
1091 2143 1195 2203 beauce
1220 2145 1299 2200 enim
1316 2145 1396 2216 jans

248 2245 387 2324 Porphyr.
408 2249 482 2324 ,jam
504 2247 606 2306 beatus
627 2267 684 2305 nou
697 2267 780 2322 vere,
802 2247 856 2304 sed
873 2249 922 2324 qui
943 2247 996 2306 sibi
1016 2246 1117 2308 beatus
1136 2245 1280 2305 videtur.“
1315 2245 1397 2304 Simi-

248 2347 365 2424 litori,
389 2351 419 2424 2,
441 2350 512 2412 103.
540 2355 570 2408 et
597 2349 669 2412 Plin.
693 2349 786 2428 Epist.
807 2352 839 2426 7,
861 2352 913 2425 28,
935 2352 964 2414 2.
999 2349 1041 2407 Ut
1061 2351 1140 2406 enim
1160 2367 1221 2406 nors
1240 2348 1303 2404 sint
1323 2345 1398 2404 tales

248 2448 374 2529 (amisi),
397 2451 503 2530 quales
522 2471 543 2508 o
564 2471 611 2508 me
626 2451 859 2529 praedicantur,
881 2471 935 2530 ego
957 2459 1057 2508 tumen
1078 2448 1198 2526 beatus,
1224 2449 1308 2528 quod
1323 2447 1399 2507 milri

246 2551 394 2610 uidentur.
436 2553 620 2642 Quapropter
636 2553 708 2613 male
728 2554 777 2613 ulii
796 2561 828 2614 ut
853 2553 1004 2633 Oruquisss
1024 2559 1055 2611 et
1069 2549 1226 2610 Lubimse:
1249 2569 1398 2629 ‚‚uumusa·

246 2661 294 2714 tus
314 2654 360 2715 vel
381 2655 461 2714 dives
481 2657 603 2720 facors.“
642 2656 781 2716 Homines
800 2662 895 2716 autem
916 2657 1049 2736 opinione
1069 2655 1161 2729 beati,
1186 2655 1265 2732 quod
1283 2655 1397 2732 quidem

248 2775 344 2814 seeum
359 2755 446 2816 toeite
467 2757 580 2817 dicebat
593 2757 780 2837 Eutrapelus,
800 2761 829 2818 iu
847 2777 926 2818 suam
942 2759 1069 2836 ipsorsau
1087 2758 1241 2834 perniciem
1256 2755 1340 2816 facile
1360 2755 1397 2816 sd

247 2877 326 2914 noser
347 2858 474 2915 consiliis
494 2869 523 2915 et
546 2879 612 2936 spes
631 2861 767 2920 erolitm
788 2866 818 2920 st
835 2859 966 2920 sublimis
983 2857 1134 2918 somnient.
1167 2857 1242 2917 Hine
1262 2859 1397 2916 Socrates

248 2959 324 3038 apud
340 2958 434 3018 Orell.
449 2959 471 3020 1.
496 2959 551 3018 Nr.
570 2962 620 3022 68.
639 2981 669 3038 p.
686 2962 736 3024 24.
773 2961 816 3022 At
836 2957 968 3038 πονηραὶ
988 2956 1120 3033 ἐλπίδες,
1142 2953 1242 3039 ὅσπερ
1259 2957 1293 3020 οἱ
1309 2955 1397 3020 sosoi

248 3058 368 3143 ὁδηγοί,
391 3058 441 3121 lari
457 3055 493 3121 roi
516 3056 712 3142 ἁμαρτήματα
727 3057 863 3142 iiyouose.
899 3060 1050 3138 Gruquius
1057 3101 1070 3130 ,
1090 3079 1174 3138 quem
1187 3061 1241 3119 troo
1259 3059 1314 3119 loci
1327 3077 1398 3118 acu·

249 3181 313 3222 meo
332 3161 449 3239 fefellit,
471 3182 523 3222 sua
544 3165 682 3243 scriptrua
703 3183 804 3239 exspes
816 3163 872 3223 hoe
893 3163 950 3222 diei
969 3163 1118 3242 opinetur:
1140 3182 1222 3238 „oon
1243 3162 1396 3236 mulieri,

249 3271 281 3324 ut
300 3283 424 3344 palpet,
452 3267 501 3343 qui
519 3269 578 3344 jam
599 3267 679 3326 dives
700 3265 819 3326 effeetus
839 3267 878 3325 ad
898 3265 1023 3324 honores
1049 3269 1078 3324 ot
1097 3263 1278 3341 magistratus
1299 3263 1396 3341 slepi.
1526 3335 1532 3350 ι

247 3372 308 3441 ret,
330 3385 402 3445 quos
422 3369 538 3445 assequi
558 3368 583 3426 si
603 3375 725 3446 nequeat
743 3388 798 3446 pro
814 3367 953 3428 arbitrstu
972 3387 1043 3443 suo,
1062 3385 1160 3444 sospes
1179 3366 1199 3425 i.
1222 3385 1248 3430 e.
1267 3363 1396 3426 omuibus

248 3469 407 3546 desperetis
426 3488 459 3528 se
477 3473 570 3528 vetat
588 3469 617 3528 iu
639 3489 751 3530 omnem
770 3471 927 3530 luxuriam“
950 3473 1005 3530 eto.

332 3569 366 3634 V.
384 3567 436 3633 34.
471 3571 610 3628 Dormiet
632 3573 666 3628 in
692 3571 806 3647 horor,
833 3573 911 3651 quod
932 3587 1018 3648 quum
1037 3569 1146 3644 securi,
1170 3575 1233 3628 tour
1256 3569 1321 3645 eiua
1344 3573 1397 3638 est,

248 3675 295 3750 qui
317 3673 410 3752 primo
429 3691 512 3730 usaue
533 3676 685 3750 patronum
712 3675 837 3734 sainture
857 3695 916 3734 nou
936 3677 1031 3747 curat,
1061 3671 1119 3730 vid.
1140 3690 1206 3731 auo.
1233 3671 1272 3730 ed
1293 3671 1324 3746 2,
1344 3667 1397 3734 30.

251 3777 300 3852 17,
319 3778 350 3839 6.
374 3783 405 3835 et
429 3776 466 3832 de
488 3775 612 3834 dictione
627 3775 742 3836 Hand.
763 3777 801 3836 ad
822 3775 945 3835 Turseli.
966 3773 1015 3834 111.
1036 3795 1066 3854 p.
1089 3773 1162 3836 335.
1190 3779 1220 3832 et
1239 3769 1340 3830 Luat.
1360 3771 1397 3830 sd

250 3875 308 3934 0d.
328 3877 361 3951 3,
378 3879 413 3952 3,
436 3877 485 3939 15.
506 3878 552 3935 Ar
573 3877 718 3954 officium,
744 3879 941 3956 quodcumque
962 3881 1024 3952 est,
1050 3875 1192 3935 solimis
1214 3873 1331 3932 domino
1353 3872 1397 3930 te·

250 3976 397 4051 ciendum,
415 3997 472 4036 uun
489 3979 527 4038 ud
544 3981 687 4058 καθῆκον
704 3980 794 4039 verbs
813 3998 927 4058 quoque
947 3979 1103 4058 pertinent:
1130 3985 1225 4034 seor-to
1243 3983 1399 4051 postpones

250 4075 320 4134 loon.
339 4077 483 4154 Officium
500 4081 520 4139 i.
540 4101 568 4145 e.
589 4101 645 4161 „er
665 4082 737 4140 wird
756 4115 799 4128 --
820 4113 861 4124 -
881 4082 934 4140 der
950 4080 1084 4140 Bulrlsriu
1101 4079 1202 4159 upiern
1216 4076 1265 4136 die
1280 4073 1396 4134 Dieast·

250 4337 344 4392 minum
361 4338 525 4408 propriorum
545 4355 593 4394 usu
610 4341 733 4395 docuisse
750 4339 818 4395 dicit
835 4339 948 4394 latoius
968 4339 996 4393 iu
1011 4337 1101 4394 NJbb.
1117 4332 1193 4391 1345.
1214 4331 1312 4402 xum,
1326 4333 1354 4402 3,
1369 4351 1397 4404 p.

249 4425 320 4489 366..
334 4439 433 4476 meeum
447 4421 557 4492 sentiat,
574 4423 707 4482 hodierne
722 4425 800 4496 fugit.
814 4425 890 4480 (iuni.
906 4424 985 4479 etiam
997 4425 1030 4479 F.
1044 4424 1208 4492 Bumlsrger
1219 4421 1247 4473 iu
1259 4419 1399 4475 3616σί116-
1450 4429 1452 4433 ’

248 4509 311 4562 uisui
328 4508 466 4577 ‚,railol.“
482 4505 557 4563 1846.
574 4509 609 4562 11.
631 4528 657 4582 p.
672 4513 726 4566 315
737 4539 773 4552 -
787 4509 977 4578 3302‚,01bsr
994 4508 1132 4580 Telephus
1146 4505 1198 4560 uati
1214 4504 1302 4575 urigo
1315 4503 1399 4559 antire

249 4611 380 4665 personae
392 4590 587 4649 Horatianus.“
