3372 5328
355 499 418 564 266
447 499 947 562 committerentur.
969 501 1247 575 EPIST.QUlNT.
1264 503 1398 566 uacua
1433 510 1491 572 106

439 689 473 748 V.
500 689 552 752 36.
578 687 631 750 37.
674 685 795 746 Scilicet
814 674 854 746 ut*
876 721 911 732 -
935 701 1081 748 correctae
1103 691 1231 751 Baeticus.
1275 694 1339 752 Jam
1371 695 1401 752 id
1433 695 1492 772 agit

353 793 453 864 Poeta,
474 796 506 849 ut
522 788 664 848 Maenium
681 793 855 868 temporibus
877 796 1058 871 servientem,
1077 795 1117 854 uti
1135 795 1208 854 infra
1227 796 1421 873 semetipsum,
1442 796 1493 854 de-

352 894 466 956 scribat
495 892 559 952 Hoc
579 892 603 950 si
623 890 827 965 observaveris,
848 897 885 954 de
905 916 973 956 vera
993 897 1134 976 scriptura
1153 916 1213 956 non
1228 897 1338 976 poteris
1354 897 1492 956 dubitare.

351 997 480 1060 menius
496 995 591 1074 igitur,
612 994 744 1072 quoniam
765 1001 923 1075 temporum
943 999 1015 1058 ratio
1036 999 1104 1074 sert,
1125 1017 1162 1058 ex
1178 976 1299 1076 prodigo
1321 998 1368 1056 illo
1390 1004 1421 1056 et
1439 997 1493 1056 ho-

351 1102 426 1162 miue
445 1115 567 1174 nequam
585 1097 645 1173 jam
664 1101 789 1157 mutatur
811 1103 842 1156 et
860 1099 1030 1158 reformatur
1050 1103 1078 1158 in
1099 1099 1237 1174 Badium,
1257 1100 1399 1158 hominem
1415 1098 1492 1156 illum

351 1201 496 1264 sordidum
517 1203 547 1256 et
564 1215 693 1255 seuerum
715 1199 874 1278 nequitiae,
903 1203 979 1262 ntis
1002 1203 1117 1280 quidem
1138 1201 1248 1260 videtur
1255 1241 1265 1275 ,
1291 1201 1491 1278 castigatorem

351 1305 409 1379 ita,
429 1307 462 1360 nt
483 1299 744 1378 impraesentiarum
765 1300 829 1360 cibo
850 1302 898 1360 vili
919 1309 1068 1364 contentus
1090 1307 1211 1380 nepotes
1233 1303 1365 1362 conviciis
1387 1303 1491 1360 laceret

350 1425 385 1466 ac
413 1403 513 1482 quovis
541 1399 678 1478 supplicio
706 1401 809 1480 dignos
836 1403 947 1468 clamet.
990 1404 1075 1462 Vides
1104 1404 1207 1482 igitur,
1238 1424 1320 1483 quam
1344 1403 1491 1464 commode

350 1506 479 1568 Maenius
501 1521 580 1562 suom
599 1501 712 1578 nepotis
732 1521 767 1564 aa
787 1503 920 1564 luxuriosi
936 1523 1088 1584 personam
1107 1506 1282 1584 deposuerit,
1304 1505 1394 1566 Bestii
1412 1504 1490 1583 parci

350 1629 384 1668 ac
404 1607 495 1666 severi
514 1603 645 1664 induerit.
686 1603 790 1684 Neque
807 1626 870 1666 eum
892 1628 954 1667 cum
972 1607 1080 1686 aliquot
1098 1609 1298 1688 interpretibus
1318 1617 1490 1681 correctum,

351 1703 618 1791 supportantium,
639 1705 732 1780 dices,
758 1712 790 1765 ut
812 1709 836 1767 si
857 1710 916 1786 jam
937 1729 968 1769 se
989 1711 1082 1789 ipsum
1103 1711 1267 1788 cognoverit
1289 1711 1440 1789 prodigum
1461 1713 1490 1766 et

349 1813 388 1872 ad
407 1809 551 1870 meliorem
571 1807 681 1886 frugem
702 1809 832 1886 redierit,
858 1812 910 1870 sed
934 1812 1027 1889 potius
1050 1833 1114 1872 eum
1139 1805 1343 1892 pecudipeuov
1362 1810 1489 1886 habebis,

348 1912 488 1988 Dionysio
512 1909 702 1970 Heracleotae
727 1910 862 1989 similem,
894 1913 942 1992 qui
967 1913 1062 1992 palam
1087 1919 1171 1973 exuto
1192 1915 1302 1974 virtutis
1325 1915 1489 1974 indumento

348 2018 518 2094 sumptaque
538 2010 656 2070 floribus
676 2012 823 2089 variegata
846 2021 943 2092 reste,
972 2036 1058 2093 quum
1080 2017 1136 2094 jam
1157 2035 1245 2076 senex
1266 2018 1384 2075 deserta·
1400 2016 1489 2074 Stoae

348 2116 476 2178 doctrina
502 2114 532 2174 iu
553 2113 668 2191 Epicuri
690 2119 784 2174 castra
808 2135 839 2174 se
868 2118 1055 2193 conjecisset,
1084 2116 1285 2198 μεταθέμενος
1306 2111 1490 2196 καλούμενος

348 2219 463 2301 ἔχαιρε,
490 2222 521 2276 ut
541 2217 581 2276 ait
604 2215 765 2276 Athenaeus
787 2219 823 2294 7,
844 2221 872 2280 6.
892 2239 922 2298 p.
946 2221 1016 2284 281.
1038 2222 1068 2279 d.
1090 2241 1120 2300 p.
1145 2219 1195 2285 25.
1217 2219 1350 2298 Schwglu.
1387 2219 1489 2296 Neque

346 2323 470 2382 atenim
493 2320 567 2378 lrrmc
590 2317 731 2378 Maenium
752 2319 883 2380 camillo
905 2320 1062 2400 Thrasycle
1089 2323 1156 2404 (ap.
1177 2322 1296 2384 Lucian.
1322 2323 1353 2380 in
1373 2319 1488 2379 Timon.

348 2422 391 2488 54
410 2424 468 2502 sq.)
494 2419 680 2498 comparabis.
723 2419 753 2480 ls
778 2421 853 2480 enim
876 2441 961 2502 quum
987 2443 1070 2484 mane
1094 2443 1201 2486 meram
1225 2427 1359 2484 virtutem
1378 2423 1488 2481 locutus

348 2533 437 2602 esset,
459 2527 599 2600 vitamque
622 2539 712 2598 parvo
729 2529 892 2582 contentam
910 2523 1065 2600 laudasset,
1087 2527 1124 2584 ad
1141 2545 1260 2586 coenam
1276 2537 1393 2586 vocauis
1409 2527 1488 2584 dam-

346 2645 417 2686 nose
439 2601 536 2684 bibere
557 2628 587 2681 et
606 2623 736 2699 nequiter
759 2625 845 2684 edere
866 2645 925 2686 non
946 2625 1093 2687 dubitavit.
1137 2627 1186 2688 Sic
1206 2628 1255 2704 fit,
1281 2635 1313 2688 ut
1333 2645 1394 2686 cum
1414 2630 1487 2684 tem-

346 2728 463 2809 poribus
491 2729 633 2784 mutentur
659 2723 788 2784 homiues
811 2728 882 2805 ipsi,
913 2743 1073 2806 quanquam
1102 2747 1305 2809 saepenumero
1332 2727 1426 2796 invitm
1457 2725 1488 2784 id

346 2832 425 2910 quod
445 2834 567 2890 testatur
586 2825 752 2906 Maeuium
773 2841 920 2888 correctus
942 2811 1072 2888 Bestiam.
1115 2829 1160 2890 De
1181 2833 1284 2890 Bestio
1305 2832 1369 2910 ipso
1391 2827 1487 2888 Schol.

346 2933 451 3010 Cruq.:
482 2929 636 3002 „Beuum
666 2947 770 2990 nomen
795 2934 953 3010 parcissimi
979 2933 1123 3010 cujusdam
1150 2934 1271 2994 Romani
1280 2933 1300 2972 “
1333 2937 1362 2991 et
1392 2928 1487 2995 smol

343 3035 425 3096 Pers.
449 3033 484 3092 ad
506 3034 543 3108 6,
563 3031 633 3096 37.:
666 3031 824 3102 „Bestius
852 3033 1035 3115 philosophos
1065 3036 1220 3094 bestiarum
1242 3053 1322 3096 more
1346 3032 1487 3094 ferocibus

344 3135 444 3196 mimis
470 3137 565 3212 urlpot
592 3153 705 3192 avarus
733 3154 790 3211 eo,
823 3139 902 3214 quod
932 3138 988 3216 ipsi
1014 3138 1189 3216 praecipiant
1217 3137 1394 3214 largiendum
1422 3153 1485 3196 esre

344 3237 443 3296 amicis
465 3235 646 3312 egentibus.“
683 3235 873 3296 Wielrertus
893 3237 987 3316 (Post.
1009 3235 1075 3298 Lat.
1094 3240 1187 3319 Reliq.
1209 3260 1239 3318 p.
1258 3235 1322 3301 420
1341 3231 1406 3313 sq.)
1424 3238 1486 3314 jure

345 3336 523 3414 suspicatur,
551 3334 677 3396 Bestiam
702 3357 720 3398 a
745 3336 855 3398 Lucilio
882 3341 977 3398 aliisve
1004 3348 1053 3400 aut
1076 3342 1114 3400 ob
1135 3343 1279 3419 antiquam
1297 3337 1486 3414 smgalitatem

345 3442 374 3497 et
394 3436 593 3514 parsimoniam
615 3445 665 3498 aut
686 3446 805 3518 propter
824 3441 937 3499 nimiam
956 3443 1154 3520 severitatem,
1176 3443 1278 3520 quain
1297 3446 1419 3520 nepotes
1436 3440 1486 3497 de-

345 3540 508 3616 clamasset,
535 3539 624 3600 fuisse
642 3545 772 3600 notatum
795 3547 828 3600 et
846 3539 892 3601 bic
912 3541 949 3600 ab
967 3542 1088 3604 Horatio
1110 3545 1292 3606 communiter
1312 3561 1367 3622 pro
1386 3559 1485 3602 severo

343 3649 393 3704 ant
412 3660 500 3720 parco
521 3641 634 3701 horulae
654 3643 732 3720 poni.
777 3643 918 3720 Quicquid
939 3651 1000 3720 ert,
1023 3646 1130 3723 optimo
1148 3647 1212 3724 jure
1232 3647 1262 3703 in
1282 3652 1430 3724 posterum
1451 3663 1485 3706 ex

342 3743 465 3804 Horatio
488 3743 644 3802 eliminabis
664 3743 788 3823 Bentleji
808 3745 948 3805 Bestiam
968 3757 1158 3806 conecterem
1180 3753 1282 3826 utpote
1308 3752 1339 3805 et
1363 3748 1486 3826 seriptu-

341 3867 392 3907 rae
408 3847 576 3907 auctoritate
590 3847 756 3906 destitutum
769 3866 861 3926 neque
875 3850 1076 3909 sententiarum
1091 3848 1183 3907 ordini
1198 3851 1267 3908 satis
1281 3855 1389 3928 aptum.
1410 3847 1486 3918 Quid

342 3951 417 4010 euim
445 3951 532 4010 iacias
558 3965 619 4006 cum
645 3968 700 4006 uno
727 3954 758 4007 et
787 3949 849 4008 solo
880 3951 1022 4028 nequitiae
1050 3951 1233 4013 correctore?
1262 3951 1368 4020 Quidni
1396 3956 1486 4009 toturn
1548 3967 1552 3976 ’

425 4133 454 4206 *)
469 4138 621 4208 Cornacum,
643 4147 674 4194 ut
685 4135 763 4193 simili
778 4141 897 4195 acumine
909 4151 1026 4196 recoctus
1043 4145 1129 4198 amito
1148 4162 1180 4198 eu
1198 4141 1365 4214 quinqueviro
1383 4143 1442 4194 Sat.
1459 4145 1484 4206 2,

341 4221 373 4290 5,
388 4222 448 4292 55„
471 4223 515 4276 hio
534 4223 640 4294 quidem
659 4227 771 4280 notione
789 4225 868 4280 animi
888 4227 1049 4282 necessitate
1066 4229 1177 4300 quadam
1194 4236 1306 4300 urgente
1321 4227 1353 4280 in
1373 4229 1482 4281 alteram

340 4315 444 4376 partem
463 4310 598 4364 conversi.
631 4311 691 4364 Huc
708 4309 827 4379 accedit,
850 4313 921 4384 quod
942 4315 1051 4368 verbum
1065 4315 1218 4385 corrigendi
1236 4314 1339 4384 pariter
1356 4309 1388 4363 de
1402 4310 1482 4364 iactis

342 4409 373 4444 ae
388 4392 423 4445 de
436 4393 517 4447 dictis
531 4393 638 4463 dieitur,
655 4395 690 4450 ci.
705 4397 793 4454 Burni.
809 4398 843 4451 ad
859 4399 942 4453 ovid.
957 4399 1033 4454 Fast.
1049 4397 1076 4466 5,
1089 4397 1152 4452 311.
1167 4399 1245 4455 Cort.
1258 4401 1292 4454 ad
1303 4395 1412 4452 Sallust.
1421 4395 1483 4465 lug.

341 4476 368 4544 3,
384 4479 410 4532 2.
428 4477 554 4532 Doederl.
570 4479 637 4550 Syn.
654 4481 687 4534 V.
701 4499 728 4550 p.
742 4481 805 4538 320.
832 4481 902 4536 Mire
924 4493 1012 4540 autern
1032 4482 1180 4538 sententiae
1195 4483 1263 4554 vim,
1286 4500 1361 4554 quam
1376 4482 1483 4553 quidem

342 4575 389 4614 nos
401 4561 520 4617 volumus
531 4582 600 4634 esse,
615 4571 696 4635 auget
708 4565 840 4637 particula
854 4568 963 4640 00111001,
979 4572 1013 4626 da
1027 4586 1079 4644 qua
1091 4569 1204 4626 diximus
1219 4571 1253 4624 ad
1267 4571 1294 4638 9,
1308 4569 1335 4623 3.
