3420 5332
362 507 425 574 424
460 509 668 572 COllllEN‘l'.
683 511 725 572 ΙΝ
743 513 834 574 11011.
855 513 928 578 LlB.
944 514 964 573 l.
986 513 1107 575 ltPlST.
1122 511 1430 575 ououtvlcasm.
1463 516 1502 579 76

363 691 529 740 assentator
552 680 604 752 id,
635 681 719 760 quod
740 681 782 756 is,
815 687 902 756 cnjus
927 683 972 742 ad
993 683 1175 742 voluntatem
1199 683 1329 755 cle'cs'trsr,
1362 685 1504 744 vulterre

361 803 516 862 maguum.
553 783 670 846 Aristot.
688 779 846 861 111113,
865 787 914 849 29.
937 786 969 847 ol
987 785 1121 848 eoaesvol
1143 777 1272 858 κὸλακες.
1304 787 1348 853 ld,
1366 786 1452 848 Polit.
1473 789 1503 863 5,

361 886 393 960 9,
417 890 447 949 6.
469 888 517 946 ed.
535 887 579 945 St.
599 885 689 962 Scyll.
712 885 748 944 ad
777 885 837 946 tis.
865 885 945 946 Lsel.
967 887 1024 962 26,
1046 889 1097 949 91.
1122 906 1152 964 p.
1175 885 1245 948 519.
1275 919 1316 930 -
1344 887 1383 948 Ut
1403 909 1430 947 v.
1454 888 1503 952 13.

364 986 413 1052 14.
442 989 559 1047 alterum
581 987 734 1066 exemplum
757 1005 880 1066 spuere
901 983 938 1049 sol
958 981 1251 1068 ἀποστοματιζόμενα
1276 989 1504 1069 (1111111111γά.

361 1109 391 1168 P.
413 1091 485 1154 267.
514 1089 549 1148 C·
570 1095 600 1148 et
619 1107 685 1147 uun.
705 1089 742 1146 ed
765 1090 795 1161 1,
817 1088 881 1167 56.)
903 1095 1047 1170 magistro
1065 1087 1191 1168 saecoli)
1212 1091 1350 1149 reddente
1370 1095 1504 1172 desump-

361 1198 419 1250 tum
437 1191 546 1248 anxiam
560 1191 700 1266 quandum
714 1209 814 1250 vacrum
828 1191 1004 1252 iterationem
1019 1195 1172 1272 significet,
1191 1193 1230 1252 itu
1244 1193 1360 1251 alterum
1380 1211 1398 1251 s
1416 1195 1505 1250 mimo

361 1291 558 1350 secundarum
577 1292 711 1368 paruum
731 1292 889 1368 proiectum
904 1297 1088 1355 assentatoris
1108 1294 1223 1354 scurrile
1244 1296 1353 1371 potenti
1371 1296 1461 1353 amico
1476 1297 1504 1354 in

361 1396 436 1454 omni
458 1413 489 1452 re
510 1395 649 1452 annuendi
670 1398 756 1469 atque
782 1395 945 1454 assentandi
965 1399 1087 1456 studium
1108 1398 1145 1455 ob
1174 1395 1271 1454 oculos
1294 1396 1383 1473 ponit.
1426 1395 1504 1464 Qus-

360 1501 479 1576 propter
496 1496 532 1554 de
554 1494 608 1553 hoc
630 1495 742 1572 quidem
764 1495 891 1572 exemplo
916 1517 972 1555 nou
998 1499 1140 1557 assentior
1159 1515 1250 1574 neque
1272 1498 1395 1570 Domo,
1418 1517 1503 1574 quum

360 1598 494 1677 explicat:
516 1597 587 1674 „qui
604 1597 697 1654 fuissit
717 1597 854 1654 eatendre
875 1616 931 1658 une
955 1599 1078 1657 seconde
1100 1599 1154 1657 fois
1175 1619 1209 1658 ce
1229 1599 1276 1676 qui
1300 1600 1393 1658 venuit
1411 1597 1504 1658 el'ttre

361 1701 451 1776 dit,“
471 1719 565 1777 neque
583 1698 634 1772 iis,
657 1698 704 1775 qui
722 1697 848 1754 mimam
868 1717 921 1774 pro
941 1700 1078 1757 comoedo
1102 1699 1237 1759 habentes
1266 1701 1413 1759 summissu
1434 1717 1503 1758 voce

361 1803 460 1861 leuiter
481 1799 525 1880 (ut
545 1801 604 1862 tic.
625 1798 690 1862 Div.
712 1803 740 1858 in
763 1799 867 1860 Csecil.
891 1797 1025 1878 16,18.)
1048 1799 1210 1878 loquentem
1231 1801 1347 1861 faciunt.
1386 1803 1503 1859 Mirrsas

360 1905 434 1962 euim
452 1901 497 1961 hic
516 1921 578 1961 cum
605 1901 714 1960 Orsttio
736 1908 765 1962 et
783 1900 936 1959 Dr'intsera
953 1903 1068 1980 proprie
1084 1903 1265 1980 accipiendus
1286 1909 1346 1979 est,
1369 1904 1449 1981 quia,
1470 1909 1504 1962 ut

359 2007 400 2065 ait
420 2005 522 2066 Festus
543 2007 572 2063 in
596 2003 692 2062 Salva
710 2023 755 2061 ree
774 2013 815 2061 set
835 2001 878 2081 (p.
899 2001 968 2066 264.
989 2000 1135 2081 Lindem.)
1156 2005 1238 2083 quad
1260 2005 1293 2063 0.
1314 2003 1502 2079 Volumnius,

360 2110 415 2188 qai
440 2108 484 2166 ad
509 2106 659 2164 tibicinem
683 2106 820 2175 saltarit,
844 2104 1044 2162 secarularam
1063 2107 1200 2182 partasm
1221 2107 1335 2184 faerit,
1364 2105 1418 2183 qai
1431 2104 1503 2183 sere

359 2208 496 2268 omnibus
516 2211 615 2267 mimis
628 2212 782 2288 parasitus
800 2205 963 2264 inducatur
967 2227 981 2278 ;
1002 2204 1049 2262 ubi
1069 2207 1198 2283 Scaliger
1215 2207 1288 2266 hanc
1308 2207 1361 2266 loc.
1382 2225 1410 2285 p.
1429 2207 1501 2270 696.

359 2317 513 2388 compassi.
543 2312 623 2371 ldeur
641 2317 762 2370 testatur
780 2307 945 2385 Hieronym.
965 2307 1054 2386 Epist.
1075 2307 1111 2364 ael
1133 2306 1268 2372 Eustoch.
1288 2309 1338 2371 22.
1360 2307 1385 2371 l.
1405 2327 1434 2386 p.
1449 2304 1499 2370 94.

359 2411 394 2471 Δ.
432 2411 497 2469 Eas
517 2422 617 2470 aretem
636 2414 767 2491 virgines
791 2445 834 2456 -
860 2441 902 2452 —
922 2441 964 2453 -
991 2427 1069 2487 quae
1090 2406 1196 2467 nabore
1215 2409 1327 2486 fraat's
1351 2411 1500 2487 parasitos

358 2515 483 2572 atrecunt
501 2515 678 2584 mimorum,
706 2513 795 2592 quasi
822 2509 970 2590 quasdam
990 2519 1089 2589 pestes
1104 2507 1196 2588 fuge.
1240 2510 1334 2579 Quum
1362 2510 1500 2588 ejusmodi

358 2615 463 2674 actoris
487 2615 673 2674 secundarum
693 2615 816 2692 panium
837 2619 931 2688 esset,
962 2619 1085 2671 actorem
1112 2613 1231 2692 primum
1256 2617 1339 2689 gestu
1368 2619 1398 2671 et
1417 2629 1502 2690 prae·

358 2719 455 2778 sertim
468 2735 538 2778 voce
555 2717 657 2776 imitari
678 2722 763 2794 atque
784 2717 875 2775 omas
896 2715 976 2792 qussi
994 2714 1150 2790 cesenati,
1169 2713 1259 2772 simile
1274 2712 1342 2772 illud
1363 2715 1392 2772 in
1413 2731 1501 2791 expe-

358 2819 418 2879 dito
439 2825 491 2879 est.
527 2818 633 2877 Bellum
662 2816 742 2894 hujus
771 2817 933 2877 imitationis
963 2815 1119 2895 exemplum
1146 2815 1244 2875 laudat
1270 2813 1400 2874 Orells'us
1419 2815 1500 2873 Suet.

358 2923 451 3000 Cnlig.
472 2921 522 2985 67.
554 2921 596 2978 al
616 2939 709 3000 queem
730 2921 763 2976 in
788 2918 938 2978 Larasalo
960 2921 1067 2989 umato,
1096 2920 1129 2976 in
1146 2937 1205 2997 quo
1231 2927 1315 2975 actor
1329 2915 1501 2995 proripiens

357 3025 495 3083 semina
513 3023 691 3101 sangrsiuem
708 3023 799 3080 vomat
805 3065 819 3093 ,
834 3021 939 3101 plures
957 3019 1156 3079 secundarum
1173 3021 1306 3080 certatim
1321 3021 1500 3097 πρινίνω-

357 3138 421 3184 tum
443 3128 517 3184 artis
546 3125 671 3196 darent,
709 3144 810 3182 cruore
837 3144 927 3181 scena
953 3122 1129 3181 abundavit.
1176 3121 1250 3181 Hinc
1276 3121 1420 3182 melate·
1439 3121 1498 3182 Cia.

356 3227 435 3288 ura.
459 3231 512 3303 oc,
532 3227 605 3291 242.
642 3226 731 3304 Quor
746 3228 790 3284 oa
804 3223 940 3304 sareon
963 3227 999 3302 Q.
1018 3224 1151 3293 Anas,
1173 3223 1308 3303 adsuit
1325 3225 1372 3290 Μ.
1399 3225 1501 3283 aare

356 3329 564 3388 mundarum.
595 3329 698 3387 Seuec.
718 3329 755 3386 de
775 3327 812 3392 lr.
825 3328 857 3404 8,
874 3332 904 3392 8.
932 3327 1086 3406 Optimum
1095 3325 1268 3400 jadrensis,
1289 3329 1435 3409 quioquid
1449 3328 1497 3388 dt

356 3436 463 3503 steca,
482 3431 568 3510 sequi
581 3439 609 3486 st
627 3429 772 3488 secandas
791 3429 944 3510 agersff).
980 3429 1064 3488 Ouid.
1087 3428 1120 3492 A.
1142 3427 1176 3492 A.
1202 3430 1232 3506 1,
1254 3426 1325 3494 684.
1355 3427 1497 3490 Plutarch.

439 3678 469 3756 11)
482 3687 591 3742 Dictcts
604 3691 714 3744 settim
722 3693 765 3742 est
774 3691 801 3742 i.
812 3690 832 3744 l.
843 3696 984 3760 repetere,
999 3698 1115 3744 nostrum
1128 3687 1365 3759 ,msohsprsclreffl
1375 3695 1405 3742 ut
1416 3686 1498 3747 otio.

356 3772 423 3828 Met.
438 3771 464 3842 8,
478 3771 539 3828 861.
554 3773 592 3827 ib.
614 3773 718 3842 Gisrig.
737 3791 788 3826 uon
806 3773 976 3844 „memoriter
992 3773 1137 3829 recitsre.“
1164 3775 1205 3828 De
1221 3773 1324 3828 dietatis
1342 3774 1412 3828 cont.
1430 3787 1498 3826 uuue

356 3857 443 3913 Orell.
457 3865 485 3912 et
495 3857 586 3912 lllots.
601 3856 701 3912 selcia.
713 3859 797 3913 Tusa.
809 3861 836 3928 2,
847 3863 890 3929 11,
901 3862 945 3917 26.
968 3861 1037 3914 Nam
1047 3859 1090 3913 hic
1100 3859 1200 3914 Poetae
1210 3859 1294 3912 auimo
1306 3858 1451 3912 obverssts
1461 3857 1498 3910 sit

354 3943 459 4014 plagast
473 3942 572 3998 Orbilii
585 3941 687 4013 imago,
702 3945 774 4014 quael
788 3943 892 4014 quiden
902 3945 1053 4015 suspicetur
1066 3944 1226 4000 Weielssrtss
1235 3946 1328 4010 (Post.
1340 3941 1430 3998 lastiu.
1444 3943 1498 3997 Rs·

355 4028 403 4100 liq.
419 4047 448 4100 p.
467 4029 529 4098 25),
543 4047 579 4084 ex
594 4027 722 4099 Epitheto
738 4029 810 4084 alfia
823 4031 928 4101 nequit,
944 4032 980 4086 ci.
995 4031 1078 4085 Mart.
1096 4031 1123 4098 8,
1141 4030 1168 4099 3,
1185 4029 1227 4085 15.
1244 4031 1272 4097 9,
1287 4029 1332 4096 69,
1347 4025 1375 4086 4.
1399 4031 1496 4084 Ansam

355 4113 456 4183 [lielyll.
469 4109 495 4183 4,
508 4117 533 4169 2.
549 4117 591 4171 12.
608 4112 651 4170 25.
671 4115 734 4170 Cer.
753 4115 863 4175 Pastor.
879 4117 913 4169 N.
926 4118 968 4170 18.
983 4116 1080 4170 llsiutl.
1097 4115 1132 4170 sd
1146 4116 1204 4169 Set.
1217 4118 1243 4186 1,
1257 4117 1283 4182 8,
1297 4113 1342 4168 88.

425 4209 467 4284 *1)
481 4215 624 4284 Perpetem
637 4217 823 4286 Halerselstss,
835 4233 980 4288 quanquam
991 4217 1074 4270 losum
1085 4225 1160 4272 rests
1170 4215 1351 4286 explicaverat
1360 4214 1493 4278 Dm,

353 4298 455 4354 dmum
472 4299 556 4370 ipsu
575 4317 626 4355 uon
647 4300 724 4357 vidit.
750 4303 911 4356 Sanudonas
930 4301 1030 4356 mimum
1050 4302 1232 4372 enepotius:
1253 4317 1303 4371 pro
1319 4303 1438 4370 etjam
1450 4294 1494 4348 vel

352 4385 508 4438 secundario
518 4392 700 4452 ,‚sousscteur,·
712 4385 841 4440 different
850 4388 884 4440 ele
893 4405 923 4440 ce
936 4387 1013 4458 qu¹on
1024 4387 1124 4458 spsloit
1133 4387 1259 4453 mro,
1274 4385 1318 4455 qui
1330 4381 1429 4440 u'svolt
1437 4379 1495 4436 soiu

353 4483 405 4538 qus
416 4469 449 4521 de
459 4469 560 4522 souflsr
571 4487 622 4525 eux
636 4477 756 4538 scteurs,
771 4488 805 4524 su
816 4489 861 4526 css
871 4487 922 4541 qus
935 4471 962 4526 ls
972 4473 1094 4528 mtmoirs
1112 4472 1194 4526 vinci
1207 4469 1419 4542 leurmeuqner‘t
1433 4465 1493 4526 coll.

354 4552 468 4608 Terent.
482 4553 580 4609 llssut.
598 4554 624 4626 5,
640 4559 665 4627 1,
681 4558 707 4612 2.
727 4557 818 4612 lebet.
841 4556 895 4612 Sed
910 4557 968 4611 loco
979 4561 1071 4612 nostm
1085 4566 1159 4613 recte
1175 4555 1217 4610 usi
1230 4562 1293 4610 sunt
1307 4565 1402 4611 anaor
1419 4552 1496 4608 libri:
