3458 5318
220 551 261 613 69
326 549 611 614 comtemnit
631 553 672 613 ΙΝ
694 551 861 614 noni-Til
881 549 957 613 ΗΒ.
981 553 1004 613 l.
1035 551 1159 614 EPIST.
1182 553 1274 616 DEO.
1338 551 1380 618 59

218 738 338 798 alterurn
358 737 473 816 urbem,
494 737 614 798 61166661
634 757 683 799 rus
703 741 795 819 magis
824 757 959 843 amasse.
991 739 1177 820 Quapropter
1204 742 1381 822 repudiando

218 841 273 898 suit
293 841 436 900 distinctio
455 841 493 899 ab
516 843 655 900 Homero
680 846 710 902 et
726 842 881 901 Schmidio
901 861 966 902 meo
987 863 1020 902 ex
1037 843 1102 919 lege
1119 842 1234 920 linguae
1249 843 1381 904 sollerter

218 939 347 1000 defenso.
391 941 511 1001 Nedum
531 963 633 1004 servor
654 943 777 1024 explicat
798 945 975 1028 Porphyrio:
998 945 1098 1022 „domi
1119 963 1238 1022 menes,
1265 951 1299 1005 ut
1318 945 1380 1006 uuis

217 1043 246 1100 iu
264 1043 366 1120 nido‚“
396 1051 428 1104 61
456 1047 631 1106 accuratius:
662 1049 714 1125 „in
744 1047 814 1106 urbe
839 1050 961 1108 menes“
997 1053 1052 1107 ete.
1097 1045 1190 1106 Tecte
1207 1047 1282 1106 euim
1302 1047 1380 1107 urbis

217 1145 368 1222 angustiae
392 1153 421 1205 et
438 1149 511 1206 ruris
531 1147 622 1207 libere
642 1130 736 1226 sputis
755 1150 967 1228 nigritiountur,
1001 1155 1033 1208 nt
1065 1149 1192 1208 similiter
1213 1149 1316 1209 Cicero
1343 1150 1381 1208 de

218 1245 272 1304 Or.
301 1249 333 1321 2,
359 1249 391 1324 6,
419 1251 470 1314 22.
500 1249 537 1308 de
563 1249 697 1328 Scipione
725 1255 755 1308 et
781 1247 881 1310 Laelio
909 1253 994 1312 dicit:
1033 1271 1128 1332 quum
1161 1269 1214 1309 rm
1236 1271 1272 1310 ex
1296 1248 1380 1328 urbe,

218 1357 366 1426 tunqzmm
386 1367 401 1405 e
426 1349 556 1408 tinnulis
576 1352 788 1412 evomuissent.
828 1353 898 1412 Aliis
916 1359 1009 1413 nutem
1023 1353 1094 1411 loeis
1109 1353 1279 1430 significatio
1294 1353 1380 1431 poulo

218 1451 370 1526 angustior
388 1451 449 1529 est,
470 1459 503 1512 ut
523 1453 597 1513 Plin.
619 1453 715 1537 Epist.
738 1456 770 1534 6,
793 1455 845 1533 10,
869 1457 898 1519 1.
921 1453 1030 1514 Auson.
1044 1454 1159 1514 Mosell.
1175 1452 1247 1518 449.
1270 1457 1397 1517 Pariter.

217 1551 297 1630 opud
316 1554 446 1613 Graecos
467 1557 595 1620 veonout
616 1564 647 1617 et
666 1559 767 1620 uultur
789 1557 948 1635 domicilio,
975 1556 1104 1618 cubicula
1130 1561 1277 1617 vocentur.
1305 1557 1379 1617 viu.

218 1653 316 1714 Schol.
337 1658 375 1715 66
396 1655 529 1736 Apollon.
544 1657 638 1720 Rhod.
660 1662 691 1739 1,
712 1660 783 1724 170.
805 1661 913 1722 Garat.
939 1661 1012 1720 Adv.
1033 1661 1117 1720 Misc.
1137 1661 1168 1736 2,
1191 1663 1241 1723 17.
1262 1679 1292 1738 p.
1307 1659 1380 1723 869.

219 1761 250 1814 et
270 1757 373 1816 Stullb.
390 1761 426 1818 66
441 1759 514 1821 Ρ161.
539 1763 576 1822 de
593 1763 668 1842 Rep.
690 1765 722 1840 8,
742 1761 772 1825 4.
790 1782 821 1842 p.
842 1763 924 1840 178,
946 1761 993 1822 nbi
1012 1762 1088 1822 hunc
1109 1761 1201 1821 locum
1223 1769 1380 1841 comperet.

220 1859 357 1918 Cetemnr
378 1862 477 1922 eedem
496 1881 514 1921 6
530 1863 600 1922 nido
623 1866 747 1942 repetita
766 1865 921 1924 similitudo
940 1885 986 1947 ap.
1008 1863 1155 1924 Theocrit.
1177 1865 1229 1940 29,
1249 1866 1313 1943 12,
1331 1866 1381 1926 ubi

219 1963 407 2042 praecipitur:
428 1965 553 2044 ποίησαι
570 1966 679 2027 nullos
698 1963 772 2046 μίαν
794 1961 848 2029 etr?
869 1965 914 2030 tvi
937 1965 1076 2050 ieviplp.
1118 1965 1308 2046 improbanda
1327 1967 1380 2046 igi-

218 2069 267 2121 tur
287 2062 424 2143 Aesonis,
445 2085 463 2124 6
484 2087 541 2144 quo
558 2087 615 2125 non
636 2063 773 2128 obhorret
790 2069 887 2128 Schol.
907 2069 1020 2147 Cruq.,'
1033 2067 1184 2146 explicatio
1205 2073 1266 2128 est:
1287 2071 1380 2146 „Ser-

218 2183 271 2222 vos
292 2171 325 2223 tu
345 2167 466 2244 urbem,
485 2187 557 2246 quoe
574 2171 655 2246 quasi
675 2171 765 2230 nutrit
782 2189 938 2252 pauperes,
960 2176 1009 2230 661
1029 2169 1212 2229 coenaculum
1232 2172 1262 2228 iu
1279 2171 1380 2230 altiore

219 2267 286 2325 loeo
306 2270 525 2329 constitutum.“
567 2268 732 2332 Altitutlmis
753 2275 833 2332 notio
853 2273 1000 2353 proevalet
1022 2272 1080 2331 06.
1103 2271 1135 2346 8,
1157 2267 1189 2350 4,
1212 2269 1262 2334 14.
1284 2279 1314 2332 et
1334 2291 1380 2353 up.

218 2369 342 2429 01666
360 2371 418 2430 Or:
435 2373 464 2448 1,
487 2367 540 2450 44,Ι
563 2371 633 2437 196.
645 2355 696 2420 '-
717 2377 796 2433 νιιηὲς
815 2349 1043 2435 emmelinae.
1074 2376 1168 2445 Quam
1188 2374 1274 2434 inerit
1286 2374 1381 2435 Horu-

217 2473 275 2532 tius
305 2473 428 2534 rivorum
457 2493 572 2554 omens,
605 2476 700 2536 multis
740 2477 810 2537 locis
843 2477 936 2537 siletis
967 2477 1053 2535 docet
1087 2475 1320 2535 Sondtmonous
1351 2479 1381 2536 in

217 2571 321 2652 Progr.
339 2573 511 2656 Flenslurg.
532 2577 626 2643 1889.
647 2577 806 2658 p..xxvl1.
828 2577 915 2638 -V.
935 2581 965 2642 7.
987 2597 1088 2636 mueoo
1110 2575 1282 2636 circumlita
1296 2599 1380 2641 oasa.

217 2676 325 2736 Catuli.
350 2677 403 2755 68,
422 2677 472 2742 68.
516 2681 616 2738 Rivus
635 2688 774 2738 marcono·
788 2679 940 2759 prosilite
964 2677 1075 2759 lapide.
1106 2679 1242 2760 Colpum.
1262 2679 1323 2739 Ecl.
1349 2683 1380 2757 6,

216 2779 271 2840 67.
297 2777 395 2850 Saxa,
415 2779 525 2860 quibos
537 2781 651 2840 ‘stridis
667 2781 799 2841 stellanti
824 2781 934 2839 vellere
958 2801 1078 2841 mutem
1100 2782 1252 2860 dependet.
1273 2820 1276 2828 ,
1294 2783 1380 2842 Geni.

215 2877 337 2958 Forbig.
370 2883 407 2939 66
441 2883 522 2960 Virg.
554 2883 616 2942 Eel.
638 2886 672 2959 7,
694 2881 744 2947 46.
779 2892 1019 2961 -'nemusqus.
1057 2882 1090 2943 ln
1112 2887 1283 2942 sententiam
1303 2886 1380 2942 oout’.

217 2983 283 3040 Set.
303 2985 335 3056 2,
355 2984 387 3057 6,
408 2983 499 3046 1-8.
520 2981 601 3066 virg.
625 2983 682 3042 Ge.
701 2987 733 3059 2,
756 2983 818 3049 486
840 3003 905 3062 sqq.
926 2983 991 3042 cul.
1009 2983 1051 3046 76
1070 3003 1136 3062 sqq.

304 3081 340 3146 V.
362 3085 392 3146 8.
409 3081 439 3143 9.
481 3083 564 3161 Quid
582 3117 625 3130 -
640 3085 778 3144 secondo.
816 3083 900 3163 Quid
918 3083 1061 3163 quaetio?
1087 3085 1160 3144 Mire
1180 3083 1254 3142 6666
1274 3084 1381 3143 sorno·

216 3187 290 3261 lam,
323 3205 381 3263 qua
402 3205 513 3246 summa
533 3188 573 3246 rei
592 3194 725 3247 nunotne
745 3187 1014 3268 comprehenditur,
1051 3193 1082 3245 ut
1108 3187 1145 3246 66
1162 3186 1219 3244 nlla
1245 3187 1381 3247 16666161

217 3289 286 3363 661,
310 3287 463 3346 Baxterus
480 3307 534 3366 pro
554 3291 662 3349 comico
682 3289 811 3368 enallage
830 3309 973 3369 personne
1005 3287 1106 3348 habet:
1138 3287 1231 3365 „quid
1262 3288 1381 3348 ulterius

218 3389 418 3448 desiderssi“
441 3389 601 3451 oblocutus
620 3393 647 3450 ei
667 3397 714 3450 est
739 3391 902 3462 Gesnems,
932 3390 1060 3469 exemplo
1078 3390 1255 3467 collegerunt
1284 3391 1381 3450 tam-

219 3493 311 3549 61661
342 3493 378 3550 66
408 3492 438 3551 h.
468 3491 488 3552 l.
522 3499 553 3553 et
591 3490 740 3551 Cellae-ius
770 3495 808 3554 66
838 3495 899 3558 Cic.
924 3493 1018 3574 Epist.
1043 3496 1080 3553 66
1098 3489 1163 3552 Diu.
1187 3495 1218 3568 2,
1240 3491 1272 3568 9,
1289 3490 1319 3556 4.
1341 3495 1379 3553 ui.

219 3595 315 3654 Beier.
336 3595 372 3652 66
390 3593 451 3659 Cio.
472 3595 558 3654 offic.
579 3596 612 3673 8,
637 3597 690 3673 20,
712 3595 763 3660 80.
788 3632 824 3642 -
849 3598 918 3655 vivo
938 3607 967 3654 et
988 3614 1096 3677 regno,
1115 3599 1135 3656 i.
1157 3614 1185 3658 e:
1207 3601 1290 3677 „vito
1310 3619 1379 3659 vere

218 3697 296 3757 uituli
322 3697 403 3755 fruor
423 3704 453 3756 et
469 3715 519 3756 rex
540 3697 605 3756 rnilri
625 3715 691 3758 esse
709 3699 844 3776 videor‘,
865 3705 898 3759 ut
919 3705 998 3759 recte
1018 3701 1224 3778 interpretetur
1249 3701 1381 3760 Ortllins

220 3809 321 3860 contre
346 3797 445 3857 Vosoie‘
462 3801 726 3878 interpretationem
746 3803 839 3861 miuus
860 3807 1038 3860 accuratam:
1067 3801 1171 3878 „Kuru
1191 3803 1238 3861 ich
1260 3803 1316 3862 leb'
1336 3805 1379 3864 uls

219 3902 349 3980 Kinig.“
390 3901 547 3981 Utriusque
576 3903 654 3960 uocis
686 3905 815 3985 exemplo
846 3905 1012 3982 suppeditet
1033 3903 1079 3968 ed.
1110 3907 1150 3981 1,
1183 3903 1284 3982 quibus
1304 3907 1379 3966 udde

220 4005 355 4064 Wernsd.
377 4006 414 4063 66
433 4003 467 4063 P.
488 4003 525 4064 L.
547 4003 618 4065 Min.
640 4003 690 4069 vl.
708 4026 740 4084 p.
762 4007 834 4071 296.
876 4007 987 4068 Buchn.
1006 4009 1036 4067 et
1057 4006 1138 4067 Gort.
1164 4009 1200 4066 66
1226 4007 1300 4068 ΡΙὶ6.
1323 4005 1377 4085 Ep.

220 4109 254 4184 7,
276 4107 307 4186 3,
326 4111 357 4174 2.
397 4105 499 4166 Arntu.
532 4107 570 4166 66
599 4107 664 4167 cat.
691 4105 814 4168 liutici.
845 4113 875 4185 1,
897 4113 948 4174 22.
967 4128 997 4188 p.
1018 4109 1071 4172 61.
1113 4107 1180 4170 Art.
1202 4110 1240 4170 66
1261 4111 1377 4168 Vestrit.

220 4211 306 4292 Spur.
319 4213 350 4288 2,
366 4211 500 4274 11-18.
521 4209 592 4270 lude
612 4229 630 4268 6
649 4213 744 4289 poetis
758 4233 845 4283 nora,
870 4211 964 4269 villae
983 4219 1013 4271 et
1033 4212 1088 4271 aliu
1105 4213 1175 4272 teliu
1193 4229 1267 4290 quoe
1288 4209 1380 4269 liben-
1495 4198 1506 4230 ⁸

221 4319 265 4372 ter
285 4313 468 4392 possidentur
488 4333 583 4398 rrgm
601 4322 756 4395 vocantur,
787 4315 844 4376 rid.
866 4312 964 4373 Burm.
998 4315 1035 4373 66
1053 4311 1168 4378 Lotiols.
1199 4311 1221 4370 l·
1254 4329 1283 4388 p.
1306 4309 1378 4375 676.

223 4417 255 4476 ln
272 4417 440 4478 sententium
460 4435 593 4498 computu
613 4417 706 4497 Epist.
730 4417 761 4495 1,
780 4419 812 4492 7,
830 4417 883 4479 86.
910 4411 1011 4492 14,1.
1035 4419 1086 4491 18,
1107 4417 1178 4479 107·
1209 4411 1270 4472 Sol·
1293 4416 1324 4491 2,
1346 4415 1377 4490 6,

223 4520 356 4585 60-66.
389 4555 431 4565 -
462 4521 522 4578 reto
541 4518 667 4601 reliqui,
699 4521 719 4580 i.
742 4540 768 4581 e.
788 4519 866 4579 urbis
887 4519 1145 4598 magnificentium,
1177 4519 1327 4578 66666666
1346 4521 1378 4576 et

223 4621 356 4698 delicies,
387 4623 444 4682 06.
472 4621 513 4699 8,
537 4625 594 4699 29,
616 4621 732 4688 9-11.
762 4628 850 4701 etque
869 4621 945 4683 lruud
966 4623 1025 4681 scio
1046 4637 1083 4679 66
1103 4617 1223 4679 ludera
1252 4639 1376 4701 quoque,
